2626 4882
212 366 234 430 6
479 372 537 431 DE
562 371 725 430 libiliND.
751 369 978 428 TIIEOGON.

210 538 291 605 ‘quae
304 530 341 589 ad
355 530 464 589 l'etru
475 542 501 590 ιιι·
514 533 716 591 Victoriam
734 538 868 588 contorto
877 539 907 586 et
916 529 1039 587 obscuro
1046 547 1178 588 sermone
1187 534 1262 588 scri-

220 627 270 690 pta
285 628 341 687 est,
358 616 393 672 de
407 617 552 689 codicum,
569 616 796 693 quibusadiutus
806 623 892 687 esset,
906 617 1059 672 auxilioue
1069 617 1188 674 verbum
1199 618 1263 691 qni·

221 700 283 756 dem
299 702 475 775 interposuit
487 703 589 773 ullum,
606 701 642 757 de
652 702 791 757 universo
805 709 902 756 autem
915 699 1052 755 editionis
1070 703 1206 757 instituto
1220 705 1263 758 sic

221 786 359 859 loquutus
374 795 429 856 est,
443 795 547 843 utnon
563 795 622 843 tam
636 794 739 858 poetae
749 785 839 843 verba
849 784 1009 855 emendare,
1031 802 1117 859 qnam
1133 787 1264 858 pretiosa

215 868 1264 945 ·grarrrmaticorumcommentariaabinterituvindicorevoluissevidea-

220 966 279 1010 tur.
301 952 377 1010 Eum
392 957 469 1011 enim
484 958 602 1012 omnino
616 972 704 1028 quum
718 955 893 1027 suscepisset
904 953 1043 1025 laborem,
1059 964 1264 1032 utpracatan·

222 1040 302 1094 tiara
314 1056 490 1114 graecorum
505 1051 657 1098 auctorum
670 1048 866 1113 monumenta,
887 1038 1115 1115 puttelotedont,
1130 1041 1173 1097 ad
1186 1041 1265 1096 inte-

222 1124 315 1180 ritum
324 1141 424 1201 prope
435 1127 592 1199 vergentia
611 1133 814 1194 conservaret,
834 1126 889 1179 iam
902 1122 1097 1180 celebriorum
1110 1133 1265 1181 auctorum

216 1211 437 1264 commentario
449 1211 479 1265 in
490 1208 663 1281 llesiodam,
680 1226 870 1285 quaeeunque
881 1209 981 1284 potuit
995 1207 1114 1282 dobere,
1129 1209 1265 1266 formulis

224 1290 328 1346 excudi
344 1293 472 1354 curabat.
516 1291 661 1350 Nimirum
683 1301 766 1349 tanta
786 1301 848 1347 erat
868 1294 920 1347 illo
940 1302 1067 1366 tempore
1085 1296 1164 1349 inter
1185 1296 1266 1349 ciros

218 1375 436 1434 eruditissimos
461 1379 716 1454 grammaticorum
742 1384 872 1434 veterum
900 1376 1009 1452 pariter
1029 1395 1062 1433 ac
1086 1379 1266 1434 novitiorum

224 1461 420 1530 existimatio,
444 1471 510 1517 uta
532 1464 677 1536 plerisque
695 1461 893 1516 commentarii
912 1478 1012 1516 eorum
1031 1460 1133 1535 cupide
1154 1471 1266 1518 tracta-

219 1552 329 1601 rentur
352 1555 381 1602 et
405 1545 465 1601 illis
488 1547 575 1620 ipsis,
595 1547 698 1620 quibus
713 1544 898 1601 illustrandis
915 1544 1052 1600 destinati
1068 1554 1167 1616 erant,
1193 1547 1267 1601 seri-

222 1629 357 1707 ptcribus
371 1647 435 1686 cunr
451 1649 558 1708 magno
571 1629 733 1687 studiorum
752 1627 925 1687 detrimento
943 1638 1055 1684 tantum
1071 1648 1130 1685 non
1145 1640 1267 1703 antepa-

220 1716 373 1770 lrerentur.
418 1715 482 1781 Qua
498 1715 532 1772 de
551 1716 654 1772 renisi
669 1732 706 1770 ex
722 1715 1033 1790 praestantissimorum
1058 1715 1136 1770 illius
1159 1716 1267 1771 aetatis

224 1794 442 1874 philologcrum
455 1801 571 1874 scriptis
584 1801 656 1856 satis
671 1794 828 1868 constaret,
842 1801 960 1874 egregie
972 1798 1150 1855 doceretnas
1161 1799 1267 1855 acerba

222 1881 413 1954 reprehensio
434 1892 495 1938 tum
516 1886 638 1939 aliorum
662 1891 724 1938 tum
749 1879 842 1938 billi
862 1881 890 1936 G
898 1883 1047 1956 prodii,
1074 1884 1123 1957 qui
1146 1882 1181 1938 de
1206 1886 1268 1939 isto

223 1965 420 2022 institutionis
436 1985 534 2022 errore
549 1969 677 2042 graviter
693 1976 866 2041 conquestus
883 1978 927 2022 est
948 1968 983 2025 dc
999 1968 1137 2024 ctredeodi
1146 1970 1268 2025 rationo

227 2050 366 2125 dialogo,
392 2048 467 2128 opp.
484 2049 518 2112 Τ.
534 2051 597 2123 IL,
613 2068 647 2128 p.
668 2052 748 2112 850.

311 2133 418 2192 liudem
434 2138 523 2210 igitur
545 2136 678 2192 Victor
699 2133 975 2191 'l'rincavellus
998 2134 1269 2191 sturliorunrratio·

223 2232 265 2272 nc
281 2229 431 2290 assuetus,
451 2218 571 2277 Hesiodi
585 2219 690 2275 edendi
704 2221 852 2295 negotium
867 2222 992 2296 peregit.
1037 2218 1165 2275 Sclroliis
1181 2223 1269 2291 enim,

227 2318 301 2374 quae
321 2314 406 2362 autea
426 2322 514 2362 manu
538 2306 647 2377 scripta
668 2313 781 2360 tantum
803 2301 902 2360 baberi
923 2313 1074 2376 poterant,
1096 2313 1159 2360 turn
1185 2324 1269 2361 com-

228 2387 390 2460 ponendis,
416 2399 477 2445 tum
501 2389 678 2445 excudendis
700 2389 844 2466 insignem
866 2404 981 2460 operam
1005 2389 1148 2461 navabat3
1175 2391 1269 2465 ipsum

230 2479 327 2527 autem
342 2483 471 2548 poetam,
493 2473 551 2530 dno
567 2473 682 2531 diuersa
696 2484 800 2529 nactus
815 2474 1001 2546 exemplaria,
1022 2491 1129 2549 magno
1144 2474 1270 2547 quidem,

225 2554 282 2610 ned
308 2575 399 2633 neque
420 2560 533 2634 aequali
548 2552 606 2614 ⁸nec
620 2567 755 2615 accurato
766 2557 878 2626 studio,
899 2567 987 2631 prout
1000 2557 1113 2615 ferebat
1133 2558 1272 2617 iudicium

229 2648 282 2696 aut
297 2641 375 2711 fors,
397 2642 624 2699 reconcinnabat
639 2651 724 2717 atquc
739 2642 918 2701 immutabat.

318 2724 360 2781 lle
390 2727 512 2784 libris
541 2744 648 2782 manu
677 2727 862 2799 scriptis,
899 2743 1021 2800 quornm
1043 2745 1127 2783 usum
1148 2724 1272 2783 habebat
1304 2720 1309 2743 ¹

232 2804 451 2884 'l‘rincauellrrs‚
470 2813 519 2886 qni
544 2814 654 2884 primus
676 2821 809 2866 accurate
832 2812 968 2884 exposuit
989 2810 1057 2867 loc.
1082 2810 1202 2867 blorel
1215 2813 1272 2867 lus

230 2899 472 2952 commentatione
491 2898 601 2952 inserta
618 2895 720 2952 ll'ollii
743 2894 832 2955 Aartl.
851 2893 924 2955 Lat.
948 2896 1010 2953 Vol.
1038 2894 1117 2964 Hb,
1135 2914 1169 2973 p.
1187 2897 1271 2956 ⁴263.

232 2994 314 3054 opp,
335 2998 434 3036 eorum
459 2990 555 3036 tamen
579 2980 719 3036 excitavit
732 2981 824 3055 magis
841 2998 926 3055 quam
942 2981 1071 3052 explerit
1089 2979 1272 3037 desiderium.

232 3058 324 3119 Nobis
340 3074 437 3120 autem
453 3066 521 3120 licet
536 3065 636 3121 sedulo
651 3063 858 3138 quaerentibus
874 3083 932 3120 non
948 3066 1087 3140 contigit,
1110 3073 1144 3119 ut
1160 3065 1272 3136 plenia-

231 3164 294 3203 rem
309 3151 430 3205 istorum
442 3154 621 3208 notationem
637 3152 884 3206 nanciscerentur:
908 3151 983 3223 quod
995 3168 1163 3224 qrrarurpram
1179 3150 1272 3205 araxi·

233 3248 348 3304 mopere
372 3234 526 3290 dolendum
548 3235 622 3305 fuit,
644 3251 703 3289 non
721 3233 875 3290 ridebatur
893 3243 1066 3290 tamencum
1083 3236 1141 3290 vim
1158 3232 1274 3306 babere,

232 3322 267 3370 ut
282 3316 317 3372 ab
334 3323 413 3375 onrni
430 3321 566 3375 instituto
581 3336 644 3375 meo
664 3317 837 3378 (deterrerer.

318 3401 359 3456 ilc
380 3405 505 3477 primunr
531 3403 645 3477 quidem
668 3399 856 3460 Trincavello
887 3401 1044 3458 adfuerunt
1074 3401 1189 3458 codices
1215 3400 1275 3458 He·

233 3481 308 3539 siodi
332 3484 576 3544 Triclinianl
599 3487 675 3556 duo,
699 3489 748 3560 qui
770 3486 908 3561 hodieque
931 3487 1062 3544 Venetiis
1084 3499 1276 3542 asservantur

234 3567 265 3622 in
281 3567 456 3629 bibliotheca
470 3573 637 3643 Marciana,
658 3573 734 3628 alter
748 3572 784 3627 ab
799 3571 836 3627 D.
852 3570 995 3628 'l'riclinio
1010 3592 1037 3628 n.
1056 3573 1158 3632 1316.
1178 3573 1277 3632 1320.

235 3663 373 3711 exoratus
390 3674 418 3713 n.
434 3657 532 3729 dod,
555 3659 630 3714 alter
646 3676 675 3713 n.
692 3657 791 3728 480„
812 3655 995 3712 bessarionis
1017 3658 1096 3712 iussu
1121 3656 1157 3712 ad
1179 3675 1277 3712 excru-

232 3737 300 3810 'plar
316 3743 397 3814 prius
411 3762 467 3800 aon
483 3752 627 3799 (rocta-ate
643 3745 848 3815 transcriptus.
880 3739 946 3798 lloe
962 3743 1053 3817 igitur
1068 3743 1098 3796 in
1118 3741 1193 3796 libro
1208 3760 1278 3814 qna·

236 3822 273 3881 lis'
287 3822 434 3885 exblbitor
449 3829 506 3884 luit
521 3826 711 3904 'l'beogoniae
727 3836 842 3894 textus,
864 3825 983 3881 eundem
997 3826 1102 3898 ubique
1116 3826 1175 3882 sete
1189 3824 1278 3881 habet

236 3907 343 3967 editici
381 3909 467 3970 Certe
484 3911 605 3969 tradidit
620 3912 688 3968 hacc
714 3911 764 3967 blo
776 3912 898 3966 rellus
921 3911 940 3968 l.
957 3929 981 3965 c.
993 3929 1026 3989 p.
1045 3910 1126 3971 265.
1170 3909 1278 3966 Verum

237 3995 337 4052 codem
361 4007 457 4054 tanren
480 4007 599 4055 anctore
616 4017 652 4076 p.
678 3999 757 4057 266.
782 4013 898 4051 carmen
922 4013 983 4051 non
1004 4013 1041 4052 ex
1063 3994 1137 4067 hoc,
1168 3994 1218 4050 sed
1241 4014 1279 4050 cx

236 4077 424 4139 Paullino
448 4085 578 4156 inprimis
601 4083 733 4154 exeruplo
746 4096 916 4154 expressum
929 4089 992 4137 est:
1016 4097 1072 4154 qno
1088 4083 1205 4137 nominc
1221 4090 1280 4136 ter·

207 4159 209 4162 ¹
237 4167 311 4222 tium
325 4170 501 4240 appellamus
515 4165 696 4223 'l'rincarelli
712 4164 851 4233 codicem,
866 4175 1018 4238 propterea
1035 4165 1110 4240 quod
1127 4184 1163 4221 ex
1173 4164 1279 4220 biblio·

238 4248 338 4322 thera,
359 4269 431 4325 ‹puac
451 4252 508 4310 luit
526 4250 562 4309 ad
581 4250 667 4308 aedes
685 4249 716 4308 tt.
732 4249 849 4307 loannis
865 4261 894 4306 ct
915 4251 1025 4321 Paulli,
1045 4268 1137 4326 nuper
1154 4253 1184 4307 in
1200 4249 1281 4309 llar-
