2626 4882
449 333 764 414 rnrararto.
1100 359 1135 407 rx

81 524 230 614 genuim
245 518 446 605 mttqcttam
465 530 675 582 monumenta
698 519 859 582 recensita
880 519 957 586 rint.
1007 512 1135 582 Deinde

85 628 235 695 codicum
250 645 348 689 manu
367 623 560 707 scriptorum
572 620 756 686 &maram
772 658 824 673 -
850 622 880 685 ri
897 633 1027 707 aperto·
1044 623 1137 686 cxci*

88 735 166 818 piar
185 726 390 793 librariorum
409 744 537 790 errores
558 762 609 775 -
630 745 696 788 non
711 724 753 789 ad
771 727 857 788 irrata
875 726 1014 790 rationi·
1032 722 1136 790 hirto·
1229 774 1238 803 0

86 839 221 918 riaeque
242 833 403 918 principia
421 825 688 894 dieterminabant
708 843 804 915 atque
825 825 1059 914 disponebant,
1081 848 1137 892 re·

88 959 162 1004 rom
184 948 242 999 act
263 956 307 1000 ex
327 933 626 999 Alexandrinorum
649 935 837 997 tomeritate
860 929 1054 997 derivabant
1079 944 1137 999 ant

87 1036 313 1125 suspiciebant
338 1038 436 1102 etiam
463 1050 614 1121 tanquam
644 1035 769 1101 altioris
795 1037 868 1099 aeri
894 1035 1070 1122 reiiqaiatt
1099 1045 1139 1101 ttt

87 1141 347 1231 praeinditam,
372 1143 457 1206 circa
478 1137 683 1226 singulorum
703 1136 929 1226 exemplorum
950 1140 1048 1205 eriain
1069 1151 1139 1203 tam

88 1245 199 1312 iutilia
221 1242 441 1330 sequebantur
461 1257 496 1307 et
516 1246 627 1327 inepta
651 1243 763 1308 iudicii
786 1245 961 1329 principia,
990 1256 1027 1308 nt
1049 1243 1080 1306 ri
1100 1242 1137 1306 in

89 1371 213 1437 genere
234 1349 405 1434 quiequam
426 1344 730 1432 taliapronuntiare
748 1360 968 1426 erectorem,
994 1347 1140 1410 omnium

89 1459 161 1518 rien
184 1451 305 1515 iaiaret
333 1461 501 1535 exceptae.
552 1448 726 1515 Praeterea
755 1448 900 1535 reliquae
931 1451 979 1514 rei
1007 1449 1139 1514 criticae

90 1568 288 1641 apparatae,
315 1555 370 1640 qui
392 1555 509 1638 partim
532 1555 677 1619 omnium
702 1555 809 1618 stadio
834 1555 979 1638 pataria
1004 1551 1141 1618 rohoiiir

90 1659 394 1744 vinigatimimirqne
410 1657 692 1741 grammaticorum
707 1653 820 1734 libris,
843 1657 961 1739 partim
982 1676 1047 1719 non
1067 1658 1139 1720 aina

94 1783 215 1846 magno
231 1783 269 1825 ac
288 1759 443 1824 diuturno
456 1755 568 1822 labore
587 1780 633 1824 ex
649 1760 725 1823 imis
743 1761 946 1842 antiquarum
960 1757 1141 1824 litterarum

97 1861 232 1926 latebris
251 1877 321 1928 orat
344 1860 599 1946 comparandae,
624 1862 708 1927 adeo
734 1861 901 1948 neglectae
923 1864 1022 1929 iacuit
1044 1879 1141 1951 atqua

94 1970 244 2052 ignotae,
268 1981 305 2030 ut
325 1987 368 2030 ae
384 1965 580 2030 doctissimis
596 1966 726 2050 quidem
742 1968 822 2030 ririr
835 1979 868 2030 et
883 1968 940 2053 qui
961 1969 993 2030 in
1017 1966 1070 2032 hir
1089 1967 1143 2033 iit·

94 2070 174 2134 teria
189 2081 349 2154 regnant,
375 2069 465 2133 omni
487 2089 533 2132 ex
559 2082 651 2153 parte
673 2070 855 2133 innotuisse
879 2070 1042 2136 videatur:
1070 2092 1144 2158 pec·

92 2185 208 2239 camut
233 2172 352 2258 quippe
381 2174 475 2236 iaxta
502 2169 699 2256 reliquorum
727 2192 872 2258 gregem.
922 2172 1073 2261 Denique
1100 2175 1144 2241 ad

92 2297 172 2341 enm
190 2273 321 2356 locam,
346 2272 404 2339 ubi
427 2273 469 2339 de
490 2271 647 2338 hodierna
669 2278 822 2340 carminis
843 2276 951 2341 forma
974 2291 1006 2342 et
1034 2277 1146 2344 condi·

92 2382 187 2444 tione
205 2377 436 2463 explicandum
452 2388 542 2456 erat,
569 2399 668 2464 quam
683 2381 773 2443 omni
787 2392 854 2444 tunt
871 2382 1068 2466 antiquitatis
1087 2380 1145 2447 do·

92 2485 200 2549 ctrina
224 2495 295 2546 mm
324 2483 539 2547 recentiorum
563 2498 745 2568 temporum
770 2484 887 2547 notitia
916 2482 970 2547 rel
999 2487 1147 2550 maxime

95 2606 181 2672 opna
196 2586 260 2659 rit,
281 2581 365 2648 nihil
380 2585 436 2648 itti
453 2581 634 2648 afferebant
656 2583 747 2651 alind
766 2587 832 2649 aiei
853 2583 1024 2652 obrcuram
1046 2607 1147 2672 qnan·

93 2691 173 2754 dan
196 2701 232 2752 et
253 2683 402 2753 fictitiam
425 2707 546 2775 magna
572 2709 618 2753 ex
649 2701 739 2774 parte
773 2708 919 2753 sammaa
945 2691 1147 2777 antiquitati·

94 2793 286 2878 imaginem.

176 2892 271 2958 Haec
286 2895 397 2959 omnia
412 2914 509 2980 qnam
531 2895 610 2958 citra
632 2896 802 2960 raritatem
817 2895 906 2962 dicte
919 2916 984 2962 noo
1002 2897 1086 2961 rint:
1111 2897 1149 2965 id

103 2997 192 3081 qaod
205 3010 240 3061 et
250 2999 397 3084 expertia
411 2996 509 3063 facile
524 3000 717 3063 concedetur
732 3011 764 3065 et
781 3000 922 3080 affatim,
946 3010 983 3064 at
999 2997 1148 3081 arbitror,

102 3098 297 3165 itimaamn
312 3122 333 3166 a
346 3121 401 3166 mc
415 3114 466 3166 cat
478 3099 565 3166 libro
578 3102 701 3186 primo:
724 3106 931 3188 pertpiouam
950 3115 1018 3180 ott,
1037 3101 1149 3190 negle-

101 3218 188 3270 ctam
204 3206 273 3269 fere
287 3205 432 3269 iecaiare
450 3226 523 3268 eam
542 3225 661 3289 operae
679 3205 809 3269 criticae
830 3219 973 3291 partem,
1000 3226 1085 3292 qaae
1106 3207 1150 3273 ad

99 3305 333 3394 philologiam
347 3306 552 3394 dieciplinanr
569 3309 720 3393 proxima
734 3310 883 3394 pertinet.
934 3308 1029 3374 Hanc
1050 3311 1151 3397 igitar

100 3432 200 3497 quam
229 3409 326 3475 nebia
358 3414 555 3497 rampeimaa
581 3414 860 3498 pertractandam,
892 3411 976 3477 adeo
1004 3412 1152 3478 videmur

100 3511 305 3600 percolairre
326 3512 379 3578 hir
394 3513 507 3593 libris,
532 3528 567 3578 ut
589 3517 742 3580 universa
761 3515 976 3604 Theogonine
994 3518 1090 3582 crisin
1108 3514 1150 3582 ab

101 3631 256 3703 aurpecta
270 3619 566 3683 recontiarimornm
575 3618 812 3705 exempiarium
819 3618 884 3684 fide
892 3619 933 3683 ad
942 3632 1062 3684 certam
1071 3623 1153 3687 anti·

101 3722 236 3806 quitatio
248 3720 470 3798 traditionem,
485 3722 592 3808 quoad
607 3725 678 3787 eiua
692 3721 765 3788 fieri
774 3737 912 3808 poterat,
926 3722 1040 3790 aeduin
1054 3726 1153 3791 inerit

102 3825 260 3890 madncta.
281 3821 594 3890 Laboriorireimam
608 3829 753 3912 proiecto
767 3829 801 3891 in
811 3827 1152 3914 haccauraingrcsaut

99 3950 176 3993 anm
191 3931 284 3994 viare
290 3928 531 3995 neomultorum
542 3928 658 4016 planta
675 3944 847 4017 exceptam
862 3935 904 3998 iri
920 3930 1060 3997 confido.
1086 3929 1154 3995 Ve-

101 4054 175 4098 ram
188 4033 403 4119 transigenda
419 4045 529 4097 tamen
545 4045 597 4098 eat
613 4036 676 4116 via,
691 4048 727 4100 ot
738 4035 780 4100 ad
795 4039 1000 4101 remotiorem
1018 4035 1155 4120 antiqni-

101 4138 379 4202 tatitmrmoriam
388 4139 506 4204 certior
515 4139 678 4223 aperiatur
687 4142 803 4205 aditur.
828 4139 1091 4224 Videmurigitur
1101 4137 1156 4202 fir·

104 4242 293 4307 arietinam
306 4243 515 4309 taetraxiaae
532 4263 649 4329 operae
665 4246 795 4310 criticae
813 4242 1077 4324 fundamentum,
1094 4263 1156 4328 quo
