2626 4882
450 359 529 417 Lllt.
554 358 576 416 l.
628 359 720 418 Cell‘.
744 359 768 417 l.

82 514 206 582 reinone
226 518 381 577 advertens
400 521 545 594 positum,
569 522 723 577 coniunxit
739 531 887 598 utramque
905 525 1081 600 scripturam
1102 532 1132 587 in

83 604 294 663 hunomodum

395 680 580 766 r‘ptpar‘
562 687 690 769 αμφὶς
710 686 822 749 ἰοῦσαι.

84 771 202 830 Deinde
216 793 245 828 r
253 772 331 833 733.
346 789 409 829 cum
424 772 500 827 Allo
519 772 603 829 iuuta
618 776 697 846 prius
712 772 832 830 dederat
845 779 980 853 τεῖχος
998 776 1040 838 dd
1058 802 1129 860 nep

51 872 60 892 ⁸
88 854 263 926 οἷ’κεται,
292 858 415 914 insolita
441 858 524 913 verhi
556 861 665 931 speeies
694 856 830 915 editorem
858 856 935 916 hutrc
963 868 1130 936 commorit,

87 953 123 998 ut
146 941 365 999 Trincereilum
390 944 571 1015 coresuleret3
603 943 652 1014 qul
678 959 763 1016 qumn
788 940 966 1001 exhibuisset
995 953 1130 1026 τεῖχος

82 1024 383 1111 περίκειται,
338 1021 368 1083 d'
403 1025 499 1082 editor
516 1038 566 1082 aut
582 1044 649 1081 essu
669 1037 719 1082 aut
733 1029 856 1083 consilio
870 1032 970 1168 posuit

295 1117 428 1187 τεῖχος
448 1105 714 1187 περίκειται’
696 1108 886 1189 uprpote'ptol)
867 1134 932 1172 er.

83 1192 151 1252 Nisi
167 1193 245 1250 forte
261 1194 325 1268 quie
341 1192 395 1249 hoc
410 1213 446 1250 ex
461 1194 601 1251 librorum
597 1193 795 1299 quorundam
811 1196 935 1253 lectione

297 1285 429 1356 τεῖχος
450 1275 490 1338 de*
512 1276 737 1358 περίκειται
756 1275 981 1361 disperdunt-ier

85 1360 192 1420 ducere
204 1361 356 1434 nraluerit3
377 1364 424 1418 eni
440 1365 605 1437 neutiquam
618 1364 850 1439 repugnaverim.

171 1444 205 1502 ln
230 1465 336 1521 genere
357 1457 450 1503 autern
473 1446 543 1503 haec
564 1447 652 1504 editio
680 1448 797 1504 Venetis
817 1460 894 1505 certe
918 1450 1129 1524 exemplaribus

84 1541 209 1588 eotenus
228 1540 373 1604 praestet,
393 1531 471 1605 quod
488 1544 561 1606 quae
583 1534 613 1589 in
636 1541 760 1607 utroque
779 1532 881 1588 insunt
905 1532 998 1604 bona,
1021 1536 1051 1590 in
1074 1535 1129 1594 hoe

84 1618 192 1692 partim
207 1615 344 1688 copulata
359 1624 494 1688 exstant,
514 1618 619 1691 partim
635 1617 790 1672 manifesta
805 1621 876 1673 sitia
894 1619 1001 1688 multu,
1023 1618 1127 1691 quihus

84 1703 117 1758 in
134 1701 194 1755 illie
205 1710 258 1755 aut
268 1710 390 1759 metrum
403 1701 557 1758 infractum
577 1711 628 1757 aut
646 1704 854 1757 sententiarum
869 1703 1012 1778 elegantia
1025 1701 1129 1758 obseu-

85 1793 158 1842 rata
176 1794 255 1855 eret,
278 1786 351 1839 scite
373 1783 466 1841 deleta
487 1795 516 1841 et
536 1797 670 1842 correcte
692 1794 771 1840 eunt.
817 1787 996 1860 Quamquam
1017 1785 1130 1847 frustra

89 1875 187 1938 esset,
207 1871 253 1942 qui
274 1866 322 1923 hio
340 1870 395 1924 iam
417 1871 531 1943 plenam
550 1872 731 1943 aliquatenus
754 1879 785 1926 et
805 1870 969 1926 ahsolutum
991 1871 1129 1929 carminis
1205 1864 1208 1869 ¹

88 1971 189 2009 curam
201 1962 339 2026 speraret.
383 1951 501 2010 Scilicet
515 1958 674 2012 innumeris
696 1953 768 2010 odeo
788 1953 958 2028 typothetae
978 1955 1128 2012 errorihus

82 2035 156 2095 hoec
178 2053 290 2112 quoque
311 2037 401 2093 editio
422 2041 576 2113 inquinata
598 2049 658 2096 est:
689 2038 766 2114 qaod
792 2039 901 2096 diserte
923 2038 1014 2095 tradit
1035 2038 1128 2097 Dor·

82 2122 226 2181 villius
246 2123 314 2178 crit.
330 2140 461 2200 onan-p.
479 2122 559 2183 363.

171 2203 323 2262 Ultimo
343 2207 408 2261 loeo
425 2207 676 2264 eonrmemorenda
700 2204 747 2264 hic
769 2216 815 2264 est
835 2205 859 2262 F
868 2224 1031 2264 arreano
1051 2206 1127 2265 edi·

82 2293 162 2362 tio,
184 2306 258 2363 quoe
279 2291 389 2364 prodiit
408 2290 588 2349 Venetiis
610 2310 638 2352 a.
664 2293 782 2362 totu,
804 2312 842 2349 ee·
857 2289 977 2366 officina
992 2290 1125 2354 Ferrea.

82 2375 172 2434 Hane
187 2376 245 2431 riri
259 2373 337 2432 docti
352 2392 440 2448 quum
457 2376 542 2447 olim,
565 2385 626 2432 tum
641 2381 804 2433 recentiore
822 2389 917 2433 aetate
933 2379 976 2433 sio
994 2377 1127 2434 solebant

82 2477 327 2531 commemorare,
349 2477 384 2515 ao
405 2461 431 2516 si
448 2463 564 2536 proprio
583 2461 681 2516 studio
700 2472 776 2516 esset
793 2461 939 2518 elaborata
954 2472 984 2516 et
1000 2462 1127 2536 aliquant

83 2553 237 2601 vetustate
256 2561 309 2600 sue
327 2546 480 2601 meruisset
496 2548 706 2602 auctoritatem.
750 2547 844 2611 (letum
870 2545 906 2601 oh
931 2563 1046 2601 causum
1074 2563 1128 2602 no·

84 2628 168 2686 tendi
187 2638 257 2684 sunt
279 2625 359 2684 Com
371 2631 535 2685 nreliuus
557 2650 627 2689 nnn.
644 2631 687 2687 ad
703 2627 850 2704 Theogon.
865 2649 893 2686 o.
912 2632 988 2692 188.
999 2647 1032 2707 p·
1050 2630 1126 2702 28·3

84 2732 189 2770 veruta
209 2715 235 2769 ie
254 2713 362 2770 nullam
386 2725 536 2786 praeterea
558 2725 680 2770 noverat
700 2713 857 2771 editionem
880 2712 999 2786 italam;
1023 2712 1126 2771 deinde

85 2798 304 2857 Ernestiue
326 2817 395 2855 eren.
416 2800 459 2856 ud
478 2797 652 2855 Collimoeh.
672 2794 706 2853 Τ.
724 2797 768 2869 1.,
782 2817 816 2877 p.
835 2800 936 2868 2600,
960 2800 1009 2873 qui
1025 2816 1127 2874 quem·

85 2900 174 2958 quem
191 2884 273 2954 plura
287 2884 463 2956 exemplario
475 2885 593 2957 antiquo
608 2895 818 2955 usurpaverat,
838 2895 934 2940 tamen
950 2902 1031 2957 eant,
1052 2900 1128 2959 quae

87 2969 282 3023 recentiorum
296 2978 456 3040 temporum
471 2971 587 3042 proprie
602 2978 663 3037 est,
686 2969 863 3043 singularum
879 2968 1039 3025 editionum
1053 2985 1128 3026 eon-

90 3051 298 3123 tiuuationera,
320 3054 420 3127 primis
435 3068 547 3127 quoque
563 3055 635 3110 ortis
654 3053 772 3107 criticae
788 3053 966 3124 ternporihus
984 3055 1128 3126 reperisse

88 3135 148 3193 sihi
163 3135 327 3192 ridehetor:
349 3153 407 3211 quo
421 3154 519 3192 errore
534 3139 591 3193 iem
608 3137 681 3193 lilter
695 3136 751 3192 fuit
773 3135 883 3191 llenr.
906 3134 1127 3210 Stephanus

79 3227 179 3299 parte
195 3221 313 3278 secund.
330 3230 410 3297 poet.
429 3222 502 3297 epic.
521 3239 553 3298 p.
567 3222 666 3289 488.;
691 3219 814 3294 denique
836 3217 886 3275 lie
896 3223 1013 3293 yolus
1034 3238 1128 3277 anno·

83 3305 248 3363 tationihus
262 3303 408 3360 Woiliono
424 3305 499 3360 lihro
516 3307 645 3362 insertis.
687 3301 746 3359 Sed
763 3305 946 3381 negligenter
961 3309 986 3362 is
1000 3322 1069 3362 usas
1084 3313 1129 3363 eet

84 3388 267 3461 exemplari3
295 3387 381 3445 effert
399 3392 476 3445 enim
500 3390 644 3446 interdum
664 3391 826 3463 scriptume
846 3406 971 3466 genera,
999 3407 1071 3465 quae
1095 3391 1127 3446 in

84 3494 123 3532 eo
136 3475 222 3548 plane
236 3491 296 3528 non
310 3483 448 3547 exstant3
468 3492 496 3530 r.
510 3493 535 3529 e.
553 3475 589 3530 ad
605 3494 634 3534 r.
651 3475 731 3534 270.
748 3475 827 3534 306.
871 3472 1014 3531 Videlicet
1032 3474 1129 3550 Hey·

85 3560 176 3616 nius
197 3556 338 3615 eiusmodi
358 3558 449 3615 lihros
471 3562 591 3633 raptim,
613 3576 671 3615 non
691 3559 883 3615 continuatim
903 3567 932 3615 et
950 3559 1128 3632 pedetentim

85 3644 255 3699 examinare
271 3652 474 3700 consueverat.
494 3643 630 3719 Alioquin
646 3660 704 3698 non
720 3642 846 3719 fugisset
857 3645 919 3699 eius
933 3641 1127 3722 diligentiam,

87 3726 175 3801 quod,
192 3728 244 3802 qui
258 3729 368 3783 maiore
381 3746 447 3784 cum
462 3745 534 3784 eura
546 3727 615 3784 haee
629 3726 726 3783 stadie
737 3727 912 3797 tremebant,
926 3730 1007 3787 velut
1020 3728 1129 3787 Eher·

88 3822 149 3868 tus
170 3811 244 3869 Lea.
255 3810 322 3868 titt.
336 3832 364 3868 ee.
378 3813 481 3873 9593.
487 3832 523 3891 p,
534 3814 624 3884 768„
640 3813 721 3868 nullo
735 3816 855 3889 negotio
871 3811 1129 3885 deprehenderunt,

84 3894 663 3974 Ferreenumexemplarprorsosad
686 3895 835 3954 luntini
855 3897 1020 3954 ulterius
1041 3896 1129 3955 fidem

83 3986 246 4057 repetitum
269 3998 341 4041 esec.
385 3983 477 4048 (luem
502 3980 617 4056 quidem
640 3984 813 4038 sententiosa
834 3989 974 4057 quamam
999 3980 1128 4056 eperidetn

84 4069 255 4125 examinare
275 4067 435 4138 potuerim,
457 4076 551 4122 retem
567 4084 629 4122 esee
646 4066 790 4129 intellexi.
833 4062 915 4124 ltthtt
932 4068 1010 4124 enias
1030 4082 1130 4124 eccer-

85 4153 127 4210 sit
141 4152 230 4222 nori,
252 4151 311 4207 nisi
325 4168 430 4229 nrsgua
447 4151 616 4208 utendorum
633 4153 725 4224 eopia.

424 4323 797 4340 ’om—*⁶¹-
