2626 4882
235 335 286 412 64
505 340 565 401 DE
591 339 757 403 EMEND.
783 342 1012 407 THEOGON.

235 505 443 569 advertendum
457 501 531 563 illud
545 513 610 575 est,
629 502 706 577 qaod
725 499 928 588 ἀπαμείρεται
943 506 982 565 ub
995 509 1115 582 optimis
1127 527 1270 589 grumae

232 596 301 653 ticis
315 593 358 650 sic
369 598 619 660 commemoratur,
639 598 672 645 ut
688 587 725 644 ad
737 586 938 668 Theogoniam
950 597 1179 668 respexissseoe
1193 599 1269 658 nube

234 681 329 754 possit
344 692 408 733 esse
422 673 573 731 dubitatio.
619 669 750 729 Pertinet
763 683 859 731 autem
870 671 926 732 buc
946 676 1047 752 Etym.
1061 675 1268 759 Gadita-pag.

234 764 310 834 63„
331 763 404 823 26.:
439 751 734 835 ἀπαμείρεται,
763 749 1003 840 ἀποχωρίζεται,
1034 759 1139 820 deindo
1161 762 1212 823 Et.
1231 762 1269 825 Ι.

234 843 450 922 p.118.‚9.:
481 836 767 919 ἀπαμείρεται,
802 837 1057 924 ἀποκεχώρισται.
1110 844 1269 927 Utrinque

231 934 387 989 lectionem
402 924 531 983 defendit
543 925 690 1001 legitimus
703 925 865 983 litterarum
880 928 961 985 ordo.
998 929 1133 988 Alterum
1149 931 1270 1011 denique

231 1015 389 1086 exscripsit
411 1008 566 1067 Pbevarin.
587 1006 688 1081 Eclog.
707 1024 739 1080 p·
763 1010 858 1081 115„
882 1011 914 1071 9.
938 1010 1030 1073 Diod.
1082 1012 1144 1073 Sed
1168 1016 1206 1076 ab
1224 1014 1268 1077 bie

230 1094 413 1176 seiungeada
427 1095 513 1167 plane
527 1101 574 1149 est
590 1089 775 1166 Hesychii
789 1094 904 1171 glossa:
933 1092 1154 1181 ἀπαμείρεται,
1174 1095 1269 1183 cipes·-

231 1190 343 1262 ρεῖται,
375 1178 456 1238 Τοτι.
479 1177 521 1248 1.,
544 1192 575 1248 p·
596 1175 695 1245 423,
722 1194 779 1252 qua
798 1179 962 1237 illustratur
983 1185 1105 1256 antique
1123 1185 1269 1260 scripture

235 1265 340 1343 odyn.
359 1286 387 1344 ρ,
406 1263 506 1330 322,
525 1271 750 1317 commemorata
768 1259 804 1317 sb
820 1261 977 1321 Eustotbio
989 1281 1020 1338 p.
1040 1268 1144 1329 1766.

225 1388 229 1394 -
321 1350 413 1408 Versa
430 1347 512 1408 417.
536 1363 601 1401 cum
623 1343 720 1401 Allo
744 1343 837 1402 edidit
865 1344 1268 1432 ἱ’ρι1ων,ῥίζωνιιιτιι

164 1480 168 1485 .
231 1432 576 1492 Triocarellinnm
602 1431 634 1486 in
660 1433 793 1506 margine
820 1433 925 1502 posuit.
969 1431 1026 1489 Est
1050 1451 1121 1491 sane
1143 1436 1268 1505 illudis

229 1521 343 1578 nostris
369 1513 536 1573 Hesiodi
564 1513 777 1586 exemplaribus
808 1517 900 1571 multo
928 1519 1024 1594 magis
1043 1518 1266 1594 frequentem

228 1604 324 1680 Atque
337 1605 368 1661 in
380 1600 499 1675 reliquis
515 1595 630 1672 quidem
652 1595 839 1675 Theogonise
854 1608 883 1657 et
897 1599 1025 1674 Operum
1046 1604 1118 1661 locis
1138 1604 1267 1665 omuibus

228 1701 312 1748 certa
332 1693 435 1744 assunt
453 1681 672 1739 consuetudinis
694 1679 881 1756 discrimina3
914 1681 1012 1766 ἕρδειν
1037 1688 1115 1745 enlm
1136 1698 1268 1763 apostro-

228 1773 315 1849 pbum
342 1770 470 1843 excipit,
503 1760 596 1843 ῥέζειν
624 1768 764 1823 vocalem.
804 1765 882 1824 Huic
908 1778 1007 1825 tamen
1032 1774 1172 1830 convenit
1198 1792 1265 1835 cum

226 1859 391 1933 fragmento
417 1848 562 1908 Hesiodea
588 1867 626 1906 ex
653 1840 878 1929 ὑποθήκαις
904 1851 1092 1930 deprompto,
1120 1856 1265 1919 sublestae

227 1939 298 1998 fidei
319 1936 462 1993 carmine:
698 2003 701 2009 Ι

354 2018 423 2100 i'pd
430 2040 489 2079 ειν
507 2012 518 2076 i
525 2008 594 2097 ερά
616 2011 711 2079 nolli
732 2021 820 2092 θεοῖς
840 2018 1062 2105 αἰειγενέτῃσιν.

226 2105 382 2166 Homeri
402 2121 472 2161 usas
484 2102 540 2160 sibi
555 2120 613 2158 non
629 2112 752 2161 constat.
793 2102 925 2165 Ceterum
938 2127 997 2167 aon
1013 2120 1060 2167 est
1078 2110 1263 2184 pessumie-

225 2192 364 2262 tendum,
387 2189 463 2265 quod
483 2181 607 2265 ῥίάἀω
631 2187 702 2247 olim
723 2189 780 2247 fuit
799 2208 834 2246 ex
853 2190 1089 2253 Boeotorum
1109 2205 1263 2253 annuatu-

226 2277 304 2334 dine.
348 2272 383 2330 Vt
396 2271 531 2330 Eustatb.
544 2288 574 2344 p.
588 2271 669 2333 984.
683 2275 766 2345 inte,
787 2270 888 2331 Scbol.
904 2273 1015 2337 Victor.
1028 2278 1073 2336 od
1082 2277 1120 2337 le
1137 2278 1165 2353 ξ,
1179 2281 1260 2343 261,

224 2376 255 2435 p.
272 2360 351 2422 396.
373 2358 422 2419 cll.
439 2352 568 2434 Hesycle.
592 2353 672 2413 Tom.
690 2358 753 2430 IL,
767 2374 840 2434 pag.
861 2362 961 2423 1106.
1004 2359 1084 2419 Hinc
1101 2363 1261 2439 supplenda

226 2441 413 2503 Valckenarii
425 2453 471 2500 est
482 2441 595 2499 notatio
610 2442 653 2498 ad
671 2439 819 2500 Tlssocre't.
834 2443 928 2503 Αιίοιι.
940 2461 971 2518 p·
985 2447 1067 2507 292.
1080 2445 1118 2503 Α.

308 2526 344 2584 V.
356 2528 438 2589 401.
457 2520 540 2598 ἑοὺς
554 2521 756 2601 μεταναιέτας
777 2530 922 2602 serravit,
945 2547 1033 2604 quasa
1055 2523 1123 2592 ἑοῦ
1146 2531 1261 2607 praebe·

222 2623 272 2673 ret
291 2610 357 2670 Tri
367 2630 387 2668 n
397 2612 580 2669 carellus.
625 2609 737 2684 Quippe
753 2612 913 2687 simplicius
926 2614 1000 2671 illud
1013 2623 1069 2673 est.
1105 2613 1170 2675 cfr.
1183 2634 1260 2677 σοι·

223 2706 313 2756 mest.
329 2705 423 2754 nostr.
436 2695 457 2755 ί.
470 2694 532 2765 Π.,
547 2713 573 2751 e.
594 2691 647 2750 VI.
1194 2720 1198 2725 ·

309 2779 345 2837 V.
367 2780 449 2840 491.
476 2789 572 2852 spreto
603 2769 782 2848 ἐξελάειν
811 2775 1026 2854 Stephanus
1056 2781 1260 2843 tenuitdldl

222 2857 408 2938 ἐξελάαν,
427 2862 505 2939 quod
525 2861 675 2919 Homeri
693 2864 903 2923 consuetudine
917 2866 1092 2926 celebratum
1105 2878 1137 2926 et
1149 2867 1260 2933 abunde

223 2957 418 3009 sustentatum
431 2956 486 3007 est.
509 2946 581 3003 Vide
595 2945 634 3004 Π.
651 2946 790 3020 θ,521.,
810 2945 909 3008 Scbol.
925 2949 1036 3008 Victor.
1052 2954 1096 3012 ad
1106 2951 1146 3013 Π.
1154 2974 1182 3027 ν,
1193 2954 1259 3025 27,

223 3031 352 3110 Hesycb.
370 3031 403 3091 Τ.
418 3030 502 3105 1.‚p.
522 3032 637 3102 1281,
656 3032 792 3104 Apollas.
804 3030 899 3093 Rhod.
912 3035 986 3111 Arg.
1002 3035 1077 3108 IV.,
1094 3038 1173 3099 101.
1215 3038 1258 3097 Aa

220 3121 377 3178 maltorum
400 3118 530 3191 proiecto
548 3114 690 3173 librorum
711 3119 855 3192 scripture
879 3117 955 3193 Opp·
977 3122 1077 3183 226.:
1107 3118 1142 3181 οἵ
1160 3118 1196 3185 τέ
1205 3143 1258 3200 μιν

220 3197 449 3275 tieldones,
470 3200 600 3275 quamin
616 3198 846 3278 Elbingousi
864 3203 962 3261 codice
973 3223 1030 3282 ega
1045 3207 1176 3282 repperi,
1192 3223 1257 3263 sen·

223 3290 332 3344 tentiae
356 3289 472 3343 ratione
498 3284 658 3342 certissime
684 3283 879 3363 redarguitur.
923 3287 1028 3346 Verum
1053 3292 1084 3346 in
1113 3307 1148 3346 re
1171 3289 1258 3349 simili

225 3368 300 3444 Opp.
315 3369 451 3431 meua:
471 3363 589 3449 γυμνὸν
607 3360 640 3427 ‹l’
651 3359 804 3445 ἀμάειν,
824 3386 996 3447 quamquem
1012 3374 1151 3449 pleraque
1163 3392 1258 3433 exem·

220 3455 314 3530 plaria
326 3447 473 3529 ἀμᾶσθαι
487 3450 642 3522 exhibent,
663 3451 736 3508 illud
750 3462 845 3512 tanuen
859 3466 919 3514 tum
937 3458 1112 3532 optimorum
1126 3458 1258 3515 codicum

220 3536 467 3598 Parisiorum.
487 3546 517 3593 et
534 3534 730 3594 Mediceorum
747 3539 790 3614 (ν.
804 3537 893 3596 Lana.
905 3556 979 3616 pag·
993 3543 1074 3603 287.
1092 3542 1142 3602 cll.
1159 3540 1256 3617 274.)

219 3623 388 3679 testimonio
408 3623 524 3699 egregie
544 3623 703 3692 astruitur,
730 3629 791 3679 tum
816 3622 1017 3682 Homerico
1038 3627 1173 3699 exemplo
1187 3643 1258 3685 con·

219 3707 336 3783 gemism
355 3698 621 3782 ἀναμαιμάει,
647 3732 780 3781 oum,
804 3705 843 3764 Il.
860 3731 890 3779 v,
906 3710 986 3770 490.
1007 3709 1080 3767 adeo
1101 3709 1258 3771 confirma·

219 3799 291 3865 tur,
311 3798 344 3846 ut
362 3797 445 3845 extra
459 3807 572 3846 omnem
586 3786 793 3848 dubitationem
809 3795 936 3865 positam
955 3794 1003 3850 sit.

304 3871 338 3930 V.
356 3873 434 3935 858.
448 3892 513 3931 eum
530 3872 624 3930 Aldo
644 3874 725 3933 dedit
748 3871 946 3955 στενάχιζε
968 3894 1022 3950 pra
1038 3869 1255 3958 στονάχιζε,

219 3957 297 4034 quod
314 3965 361 4015 est
379 3974 424 4033 ep.
445 3954 624 4015 Trinoar.
667 3958 743 4015 lllud
764 3964 860 4035 aptius
880 3967 1017 4038 congruit
1035 3978 1065 4022 v.
1085 3961 1189 4034 843.·,
1206 3960 1257 4021 ubi

218 4047 406 4101 consentiunt
425 4043 476 4099 isti
495 4041 528 4098 in
553 4034 869 4122 επεστενάχιζεν.
920 4045 960 4103 At
983 4064 1012 4103 v.
1037 4046 1115 4107 159.
1137 4046 1257 4105 eosdem

219 4137 335 4185 secatus
354 4126 452 4201 posuit
469 4122 743 4203 στοναχίζετο,
774 4128 824 4186 ubi
846 4125 1007 4186 luntina
1029 4129 1149 4206 praebet
1172 4150 1256 4193 στε·

216 4209 407 4288 ναχίζετο.
429 4207 511 4269 Haeo
522 4217 619 4269 tamen
631 4212 828 4271 inconstantia
840 4211 970 4273 nandum
981 4222 1026 4273 est
1037 4213 1074 4273 ab
1088 4212 1256 4279 editoribus
