2626 4882
461 340 545 405 uu.
564 341 592 402 1.
644 339 738 407 GAP.
758 342 819 407 lX.
1092 338 1165 410 100

108 525 176 565 resn
198 503 295 582 priori
312 498 475 561 absimilem
493 504 682 582 proscripsit,
714 504 869 566 Gelonus
891 502 1018 565 fortasse
1037 516 1166 567 secutus.

109 591 167 661 Qui
185 590 271 665 prius
288 585 409 645 muslera
422 587 617 647 observarunt
629 589 872 664 discrepantiam,
891 587 1080 667 (lyrsldus
1097 590 1169 651 bist.

109 674 205 734 Dent.
228 680 307 750 synt.
335 668 410 743 VL,
425 689 463 751 p.
482 674 564 736 207.
586 670 627 730 D.
649 671 708 745 E„
742 672 900 732 Notalis
919 670 1049 732 Comes
1071 675 1167 754 Meti.

109 761 127 820 l.
145 760 209 831 3.,
225 758 259 820 6.
270 775 308 836 p·
320 756 403 819 206.
416 773 480 834 sp,
501 758 608 832 aliique
622 756 697 815 nibil
711 756 747 815 de
759 777 794 816 ea
808 757 910 817 iudicii
921 757 1169 833 interposuerunt.

109 840 178 903 set
194 846 277 901 iutra
294 839 347 899 bos
360 838 434 897 lines
449 836 554 899 Clerici
568 859 707 900 assensus
720 861 784 901 sese
799 860 860 900 non
877 844 1041 915 continuit,
1064 862 1168 905 verum

109 928 214 987 multo
227 927 317 983 etism
335 924 435 999 plures
450 923 602 985 demnsrit
622 944 744 998 remus,
764 944 888 1003 quorun
906 937 1006 987 tamen
1019 927 1168 989 desideru-

109 1029 183 1073 ιιι
196 1018 369 1069 securatam
383 1007 625 1086 designationem.
647 1008 682 1068 V.
700 1012 823 1071 sisse.
840 1029 868 1073 a.
886 1011 967 1074 904.

200 1096 238 1157 2.
256 1090 505 1152 11ι1ιίιιιοιιιιι
528 1093 648 1167 deinde,
667 1094 717 1170 qui
738 1094 943 1155 Hesiodum
963 1094 1057 1155 edidit
1073 1094 1170 1155 Oxo-

109 1179 175 1241 nii
196 1197 226 1239 s.
252 1177 374 1250 1737„
401 1196 575 1255 quamquam
597 1182 629 1237 in
650 1176 879 1259 Theogonis
901 1181 1011 1256 pariter
1031 1191 1117 1256 stone
1136 1183 1170 1239 in

109 1264 242 1339 reliquis
256 1260 434 1320 torminibus
450 1262 637 1321 recensendis
658 1263 851 1322 librorum
870 1283 982 1324 manu
1004 1268 1171 1341 scripto·

109 1367 199 1408 ram
218 1354 337 1423 praesto
361 1356 447 1407 eraut
463 1350 583 1422 copiae,
602 1348 765 1426 generatim
790 1358 885 1407 tamen
906 1349 1171 1408 Graecianum

109 1432 318 1507 exemplar
337 1432 418 1508 sequi
438 1433 563 1504 maluit,
597 1431 840 1508 quemadmodum
860 1430 1171 1492 illudsbciericn
1242 1494 1248 1503 ,

110 1517 217 1576 iuerat
232 1513 384 1589 mfiemn,
404 1533 440 1573 sc
457 1518 557 1591 paucis
573 1517 788 1591 sliqootlocis,
810 1517 856 1575 uti
874 1516 989 1576 ferebat
1007 1519 1122 1575 ammas
1135 1533 1172 1575 ss

111 1600 267 1672 mltum,
290 1597 414 1656 debilem
427 1599 560 1660 admouit
573 1598 811 1659 emendationem.
855 1597 961 1659 Trium
975 1609 1074 1661 autem
1088 1598 1173 1659 sodl-

112 1703 188 1745 csm
195 1682 384 1743 Robinsnnus
399 1685 431 1741 in
447 1680 639 1763 Theogoniae
658 1687 829 1745 recensione
852 1682 955 1744 bsbuit
972 1701 1076 1744 usum:
1097 1682 1173 1743 dno-

112 1788 187 1829 τω
206 1766 489 1828 oxoniensium
509 1766 790 1828 Bibliothecae
809 1766 1063 1840 Ecdicium,
1083 1771 1172 1829 nnius

117 1850 390 1910 Londisensis
412 1849 640 1912 Societstis
662 1849 819 1933 Regios.
851 1851 1174 1913 illorumtamenalter

116 1952 246 1995 numero
266 1936 350 2001 202.
372 1938 582 2015 consignetur,
616 1955 704 2015 quum
729 1954 848 1997 csrmeu
876 1934 1026 1996 exhiberet
1049 1936 1171 1996 dimidia

114 2028 205 2100 parte
221 2020 395 2096 spolicium,
419 2020 525 2078 neceb
542 2023 635 2079 altero
650 2023 772 2079 multum
787 2020 973 2093 dissentiret,
998 2039 1057 2079 nou
1073 2022 1175 2080 edno-

116 2106 190 2165 dunr
213 2103 370 2183 diligenter
389 2106 426 2162 ab
450 2102 620 2163 Robinsono
641 2115 841 2179 pertractatus
859 2122 923 2163 esse
939 2103 1068 2165 ridetur.
1111 2105 1175 2164 lle·

115 2198 218 2251 morat
241 2207 308 2247 eum
328 2207 396 2247 eur.
410 2190 478 2249 lect.
485 2208 523 2269 p.
537 2189 619 2255 484.
637 2191 682 2250 ud
693 2208 721 2247 o.
737 2190 818 2253 307.
861 2187 1045 2267 Diligentius
1067 2187 1173 2249 delude

116 2273 255 2335 excutit
273 2274 398 2333 aiteram
423 2275 576 2347 ιι.109.,
605 2277 753 2352 integrum
779 2275 861 2333 illum
883 2283 913 2332 et
933 2275 1063 2351 plenum.
1113 2271 1174 2333 set

117 2370 241 2436 praeter
265 2354 320 2415 bos
348 2357 455 2431 libros,
485 2376 608 2435 qnorum
634 2361 666 2417 in
692 2358 873 2434 praelatione
902 2356 984 2418 dedit
1011 2376 1175 2431 recensum,

119 2441 258 2523 quarti
278 2440 401 2518 denique
420 2452 471 2500 aut
494 2461 580 2501 usum
595 2441 697 2501 babuit
713 2452 766 2500 sut
782 2441 922 2519 quasdam
934 2451 1015 2501 serte
1031 2444 1174 2502 lectiones

121 2529 246 2605 accepit.
289 2522 366 2585 Nem
384 2527 416 2583 in
436 2527 499 2604 ipso
513 2527 651 2585 carminis
665 2528 809 2602 principio
822 2545 851 2585 c.
866 2526 898 2587 9.
911 2525 1037 2585 trsdldit
1048 2545 1087 2585 ex
1100 2525 1175 2586 itu.

127 2609 268 2675 Grecis.
291 2619 324 2671 et
340 2608 426 2669 Bodl.
450 2629 481 2667 se
497 2629 549 2688 pro
566 2612 665 2692 πολλῇ
683 2611 848 2688 reposuisse
862 2610 980 2693 πολλῷ.

207 2692 280 2754 ldis
299 2694 425 2773 igitur
443 2695 564 2754 libris
586 2694 772 2756 Robinsonos
789 2698 831 2755 sic
845 2695 1002 2767 luitusus,
1022 2701 1057 2752 ut
1071 2693 1177 2772 rulgs·

121 2799 186 2840 rens
199 2778 341 2838 carminis
355 2779 494 2855 speciem,
514 2780 609 2853 qualis
626 2790 672 2836 est
688 2782 719 2837 in
735 2778 842 2838 Clerici
858 2779 1035 2854 exemplari,
1050 2806 1092 2823 «-
1106 2796 1177 2836 nasu

122 2873 243 2926 retum:
258 2864 438 2939 exemplaria
453 2862 529 2922 itale
543 2881 597 2924 nec
613 2881 736 2939 usquam
749 2864 1002 2936 commemoravit,
1020 2880 1075 2920 aec
1090 2880 1178 2921 asur·

123 2947 226 3025 pando
250 2948 425 3025 cognovisse
445 2947 579 3021 ridetur3
608 2967 665 3025 qus
688 2950 720 3007 in
740 2968 773 3009 re
794 2951 894 3027 grsris
910 2964 993 3007 error
1008 2957 1052 3005 est
1067 2944 1178 3006 Gais-

125 3033 144 3092 f
151 3029 243 3089 ordi
258 3032 299 3092 st
310 3051 338 3090 c.
355 3032 388 3093 9.
409 3062 452 3075 -
472 3032 618 3107 impeditis
632 3034 746 3109 aliquot
760 3035 852 3105 loeis,
879 3033 1120 3106 praesertimiis,
1141 3029 1178 3089 tie

127 3132 258 3193 quorum
280 3118 404 3174 veritate
430 3115 468 3173 sb
495 3114 765 3189 Wintertono,
802 3116 965 3188 Guieto,
1001 3113 1178 3186 clerica,

124 3201 254 3275 aliisque
272 3199 334 3258 ism
354 3200 454 3258 luerat
476 3199 658 3276 dubitatum,
678 3200 716 3259 ad
743 3200 877 3259 codicum
901 3201 1107 3257 auctoritatem
1128 3215 1178 3254 ae·

124 3294 230 3347 curate
248 3284 387 3364 exigeret.
431 3280 584 3360 Repoaam
599 3286 740 3345 contiuuo
760 3284 935 3364 grarmims
951 3300 989 3341 ex
1002 3279 1059 3341 lroe
1071 3298 1178 3362 genere

127 3369 331 3430 mutationum
346 3369 487 3442 exempla.

219 3451 254 3511 7.
278 3453 311 3514 9.
339 3447 421 3533 ἀέρι
442 3448 574 3537 πολλῷ
593 3470 648 3528 pro
669 3454 792 3536 πολλῇ
814 3451 908 3511 edidit
930 3469 968 3511 ex
989 3447 1073 3509 codd.
1094 3448 1180 3509 Bodl.

126 3546 158 3597 et
179 3532 307 3607 Gresb.,
336 3532 519 3596 Wintertoni
547 3537 679 3613 exemplo
712 3537 897 3613 obsequutus.
941 3537 1052 3611 Quippe
1074 3537 1117 3592 sic
1144 3533 1180 3593 de

130 3640 240 3699 genere
262 3613 325 3699 ἀήρ
343 3620 479 3679 vocabuli
496 3632 567 3680 tunc
585 3621 762 3680 iudicabant.
806 3620 841 3681 V.
857 3619 998 3680 Woltium
1007 3636 1042 3698 p.
1060 3621 1115 3683 02.
1138 3646 1182 3665 -·

134 3705 170 3765 V.
187 3705 244 3769 32.
264 3705 432 3780 postulante
453 3708 603 3765 sententia
624 3725 677 3781 pro
698 3699 864 3784 κλόιιμι
884 3724 921 3763 ex
947 3703 1032 3763 codd.
1051 3704 1182 3778 reposuit

130 3785 335 3867 κλείοιμι,
359 3789 464 3846 deinde
485 3808 539 3866 pro
562 3785 661 3852 ὥστε
682 3800 733 3848 aut
749 3788 819 3851 ‘ivn
841 3788 879 3846 sd
899 3787 1182 3862 sersumperficieu·

131 3871 201 3933 dum
219 3875 352 3947 suscepit
365 3871 509 3950 Stephani
525 3878 722 3933 coniecturam
735 3866 795 3947 ὡς.
826 3872 902 3932 Nam
917 3873 995 3949 quod
1009 3869 1115 3931 Woli
1120 3871 1181 3925 ius

132 3955 208 4017 illud
226 3973 344 4033 quoque
365 3957 487 4016 tradidit
512 3957 547 4016 ds
570 3957 654 4017 codd.
672 3960 845 4019 auctoritate
860 3959 1017 4033 repositum
1031 3972 1094 4010 esse
1102 3971 1181 4031 pag.

135 4044 207 4116 iiii„
239 4060 341 4099 errore
364 4044 470 4101 nititur
488 4043 651 4101 manifesto.
693 4042 728 4100 V.
748 4039 909 4101 Robinsoni
931 4049 991 4100 sot.
1009 4056 1041 4116 p.
1057 4037 1138 4098 349.
1153 4044 1184 4095 et

136 4144 202 4189 var.
218 4126 288 4186 100²·
297 4142 333 4204 p·
344 4127 426 4190 484.
452 4158 489 4171 -
517 4128 549 4186 V.
564 4129 645 4190 293.
667 4125 776 4186 Clerici
796 4126 993 4186 admonitione
1017 4120 1183 4194 perductus,

139 4204 297 4294 ὄρθρον
316 4228 352 4268 ex
367 4211 434 4269 cod.
449 4209 531 4270 llodl.
553 4214 662 4286 recepit
676 4231 729 4288 pro
751 4204 900 4292 ipsios,
920 4204 1097 4281 eundemque
1115 4207 1185 4264 reli-
