2626 4882
50 292 53 297 ’
126 308 199 397 104,
381 314 456 404 ¹nn
481 310 649 376 annuo.
672 308 901 379 annocum

242 471 300 550 Ὣς
319 468 456 558 inud’·
480 468 707 559 Ἥφαιστος
726 468 761 535 δὲ
782 464 941 536 τιτύσκετο
965 502 1024 549 -,

130 563 238 643 onyae
252 566 289 637 9,
306 561 406 624 2934

252 642 289 708 οὗ
309 641 369 725 γὰρ
390 636 451 704 ’ἔθ’
460 636 686 725 Ἥφαιστος
705 632 906 721 μεταδήμιος.

127 729 215 791 Talia
228 728 332 788 deinde
346 728 521 786 creberrima
539 728 732 787 recentiorum
754 734 902 803 poctarum
921 718 1107 803 quorundam
1126 738 1167 779 rc-

127 816 269 893 pctitiona
284 814 409 887 protrita
423 821 502 869 aunt.
523 809 558 868 V.
574 808 725 869 Leonid.
741 808 948 869 Tarentin.
967 804 1060 867 Ano.
1072 804 1168 865 Palat-

130 899 215 971 lx„
233 899 332 969 179,
349 897 381 958 3.
386 915 422 975 μ.
437 897 508 968 61.,
533 893 637 967 XW,
653 894 721 966 34,
739 894 790 968 3.,
813 891 880 965 Π,
897 892 989 966 117.,
1003 892 1038 953 2.
1045 907 1083 968 μ.
1093 890 1170 952 225.

130 983 267 1042 Ceterum
281 979 401 1038 candem
415 979 482 1036 acui
499 979 633 1039 duritiem
650 978 872 1039 Atticorum
890 984 982 1035 aurea¹
996 974 1131 1033 tulerunt
1145 974 1172 1030 in

129 1084 159 1126 τ.
175 1058 325 1164 dovoti,
345 1061 555 1146 dornoniam
572 1073 603 1119 et
618 1063 744 1122 iortaaaa
767 1065 799 1122 in
812 1060 909 1120 forma
925 1051 1114 1141 ὖφὴφονται
1128 1074 1173 1114 acu

129 1152 227 1225 uotiua
246 1141 495 1230 οφύφοντοι,
517 1164 604 1222 ουτοι
618 1165 676 1222 quo
689 1149 752 1205 iura
774 1145 992 1223 Goettling.
1013 1142 1060 1201 ad
1083 1139 1174 1201 ilico·-

129 1236 191 1293 doa.
212 1233 343 1293 Granum.
351 1248 388 1310 p.
402 1232 483 1293 214.
504 1231 715 1291 vetuatinribua
737 1229 914 1309 Byzantinis
937 1226 1051 1285 dixcrit
1065 1222 1176 1283 inandi-

131 1327 210 1392 tum,
231 1315 341 1373 viderit
355 1317 426 1391 ipae.
467 1312 502 1370 V.
520 1313 708 1387 Zenodotua‚
729 1313 854 1391 Byzant.
872 1331 1019 1395 granam,
1036 1312 1072 1369 in
1086 1308 1175 1387 Eiyar.

129 1401 174 1460 M.
187 1418 224 1478 μ.
242 1398 340 1473 786„
356 1398 413 1461 46.
428 1417 508 1477 ορμ,
531 1396 690 1476 Phrynich.
712 1396 810 1457 nott.
830 1395 1020 1475 Anconem.
1039 1396 1119 1469 20„
1134 1394 1175 1465 3.,

128 1482 290 1542 Herodian.
319 1480 388 1561 napi
403 1503 474 1559 μον.
494 1477 603 1555 ligeum
627 1502 661 1561 μ.
687 1482 765 1555 44.,
788 1480 863 1555 254
895 1478 1017 1539 Laacar.
1045 1474 1175 1539 Grau.

129 1569 149 1627 l.
159 1569 208 1640 3.,
228 1565 272 1629 Δ.
292 1564 427 1639 Vilis.
443 1582 521 1625 cera.
535 1566 677 1640 chide,
698 1564 857 1635 Phanoria.
872 1563 1021 1647 Eciog.p·
1037 1562 1189 1641 ssidis-

128 1649 528 1733 Ematb.p.1436.‚52.
562 1727 564 1730 ⁴

214 1733 274 1793 Sed
289 1743 324 1794 ut
337 1734 452 1792 redeam
467 1732 504 1791 ad
519 1734 670 1809 exemplar
683 1728 1094 1809 Glcricipcrccnaaadum,
1111 1726 1177 1789 adca

129 1820 223 1876 lavcm
238 1818 362 1875 editioni
376 1827 477 1877 auctor
492 1817 653 1876 destinavit
669 1835 805 1893 operam,
824 1825 859 1873 ut
873 1834 947 1893 quaa
964 1816 997 1873 in
1018 1812 1180 1873 Winter-

131 1903 214 1958 toui
232 1911 319 1978 atque
343 1900 505 1959 Graevii
528 1900 764 1959 annotationibua
777 1911 878 1978 parata
892 1908 955 1959 crat
968 1896 1178 1959 emendationi·

130 1986 232 2059 eopia,
253 1985 323 2040 licet
337 1985 439 2041 variae
455 1985 655 2056 auctoritatis,
677 2004 731 2042 neo
747 1984 783 2042 ab
799 1985 880 2043 omni
898 1992 978 2058 purte
1000 1980 1179 2045 commanda·

130 2067 217 2143 bilia,
238 2076 337 2125 tantan
355 2085 392 2124 na
406 2068 490 2126 ritiia
504 2068 618 2143 quidem
633 2070 797 2128 maniiaatia
819 2066 949 2127 adbibita
971 2069 1014 2135 ait
1034 2068 1179 2145 aaatigan·

131 2150 188 2210 dia.
230 2149 329 2210 Veluti
352 2147 408 2209 boa
432 2166 546 2229 quaqua
565 2155 597 2210 in
619 2152 695 2212 libro
716 2154 857 2211 remonuit
879 2170 944 2209 eum
964 2151 1032 2210 aliia
1052 2150 1140 2210 rabna
1154 2167 1183 2227 ο.

133 2237 215 2298 927.
240 2231 279 2296 ἔν
303 2227 494 2316 φιλότητι
514 2243 690 2319 μιγεῖσα.
736 2232 836 2297 Tanta
856 2237 972 2295 acilicet
997 2244 1065 2295 crat
1088 2252 1181 2297 eacan

132 2319 258 2393 niarium
274 2317 510 2393 praecedentium
525 2323 700 2379 reverentia.

218 2399 253 2460 ln
274 2402 612 2463 annotationibua
635 2404 774 2481 denique,
795 2422 913 2481 quorum
931 2420 1043 2483 magno
1057 2402 1183 2461 etruria

132 2482 274 2544 adiuncta
291 2486 415 2545 editioni
437 2497 484 2545 eat
505 2486 598 2560 ailon,
621 2505 709 2565 quum
725 2507 793 2547 raro
810 2486 989 2546 Clerioua
1012 2497 1089 2567 agat
1107 2488 1184 2545 eriti-

131 2587 216 2643 cum,
236 2571 383 2629 interdum
401 2578 498 2628 tamen
517 2582 618 2649 operta
637 2575 797 2630 sententian
822 2572 1001 2630 obscuritate
1019 2573 1069 2630 vcl
1083 2572 1185 2628 altiora

131 2655 231 2729 aliqua
256 2654 459 2733 mythologice
472 2656 586 2715 rationo
601 2656 705 2714 autad
723 2659 922 2715 coniecturam
944 2664 994 2714 aut
1020 2654 1060 2715 ad
1077 2654 1186 2715 doctio-

131 2757 195 2796 rcm
209 2740 337 2815 aliquam
353 2737 389 2795 de
403 2732 467 2796 iatia
487 2738 573 2799 rebua
591 2739 825 2800 observationem
841 2738 1069 2815 expromendam
1083 2757 1187 2817 provo·

132 2831 217 2878 oatua
233 2833 286 2879 eat.
319 2822 371 2879 Sic
383 2841 411 2880 ο.
421 2823 502 2883 927.
517 2818 553 2883 οὗ
570 2817 714 2907 φιλότητι
727 2831 861 2907 μιγεῖσα,
883 2825 965 2887 493.
982 2820 1187 2902 ἐπιπλομένων

133 2899 168 2965 δ’
191 2903 359 2978 ἐνιαυτῶν,
392 2904 473 2967 189.
503 2900 571 2964 ἀπ’
591 2900 798 2991 ἠπείροιο,
829 2906 931 2966 Guieti
953 2909 1130 2982 inventum,
1155 2922 1188 2966 aa

135 2987 300 3046 tententiae
312 2989 426 3046 ratione
438 2988 610 3048 coniirmarc
624 2991 747 3051 studuit.
769 2989 882 3049 Deinde
895 3011 924 3050 ο.
933 2992 1016 3056 293.
1031 2986 1189 3076 ὄρθρον,

137 3072 218 3135 326.
233 3067 372 3154 σφίγγ’
395 3081 426 3129 et
445 3072 527 3135 477.
548 3068 716 3137 Λῦττον
737 3074 901 3157 originibua
921 3076 1094 3150 nominum,
1123 3088 1189 3157 qual

136 3155 281 3234 fingebat,
306 3155 474 3214 Phocaiciia
495 3160 593 3234 aptiua
610 3163 770 3219 convenire
789 3170 872 3217 ratua
892 3168 948 3217 cat.
992 3157 1054 3219 Sed
1076 3163 1189 3235 porcina

137 3241 321 3297 coniecturae
336 3238 417 3300 dedit
428 3244 524 3300 locum
539 3260 574 3301 ac
588 3242 731 3307 laudabili
750 3244 884 3318 prolecto
907 3245 1067 3319 instituto;
1090 3244 1190 3307 viteli·

138 3331 186 3378 cet
204 3321 279 3379 nibil
296 3325 417 3381 valebat
439 3327 472 3382 iu
491 3323 547 3381 hoc
568 3345 684 3405 gauere.
728 3328 771 3384 Ac
787 3328 918 3403 profacto
935 3346 1021 3387 nemo
1038 3328 1190 3403 probatum

137 3403 212 3477 ivit,
239 3405 317 3479 quod
339 3425 366 3464 c.
390 3409 469 3470 823.
491 3411 591 3482 potuit
611 3405 649 3472 οὐ
672 3406 730 3490 μὲν
750 3418 850 3491 χιῖρες
867 3406 969 3487 ἴασιν,
994 3422 1087 3471 auto.
1111 3415 1189 3477 272.

134 3484 240 3565 χαμαὶ
254 3481 422 3567 ἕρπόμεοοί
433 3486 462 3552 τ’
477 3486 639 3575 ἅνθρωποι
648 3538 657 3566 ,
680 3513 733 3551 nec
746 3495 901 3554 multorum
917 3504 1031 3572 praetor
1044 3494 1190 3575 Hayniun

138 3571 240 3628 tulerit
253 3590 413 3645 namucum,
433 3575 509 3650 quod
519 3595 547 3637 c.
561 3578 662 3639 1013.
673 3572 828 3660 ’Ἄγριον
844 3579 975 3636 mutabat
988 3574 1189 3665 ἰηἌδριον.

137 3651 286 3714 Nimirum
302 3658 495 3734 propinquum
511 3678 582 3718 caua
597 3661 712 3720 latinia
727 3673 791 3720 crat
805 3682 885 3721 mare
900 3661 1099 3721 Adriaticum!

225 3736 339 3797 Contra
362 3741 559 3816 (inicium,
595 3748 677 3803 ouius
701 3747 857 3826 aliquando
879 3747 1013 3822 culpabat
1035 3750 1191 3809 morotiu-

133 3829 219 3895 iam,
238 3841 307 3880 raro
330 3823 490 3898 diaputavit
510 3824 689 3887 Claricua
710 3849 763 3888 nec
780 3831 933 3889 admodum
947 3834 1100 3909 graviter,
1125 3852 1154 3892 v.
1170 3850 1191 3891 a.

134 3923 163 3963 u.
186 3907 269 3970 224.
288 3908 370 3970 482.
405 3905 464 3967 Sel
481 3928 518 3967 uc
534 3907 582 3968 bic
596 3913 712 3987 quidem
731 3913 816 3972 homo
835 3919 918 3973 iatam
937 3919 1192 3990 interpolationam

135 3987 309 4050 doctrinam
322 4009 443 4067 proraua
458 3997 554 4068 potuit
567 4001 705 4056 avaraari.
731 3999 862 4074 Namque
880 4001 988 4075 primua
1000 4004 1113 4060 nontria
1127 4012 1192 4061 teu·

135 4074 268 4146 poribua
289 4095 337 4136 oc.
350 4078 564 4141 ’979-983.
586 4092 691 4141 contra
708 4086 837 4142 auctoris
857 4084 944 4141 iidem
968 4100 1002 4141 ao
1023 4086 1115 4144 rcrba
1135 4088 1193 4161 ipat

144 4153 263 4218 addito·
279 4160 372 4222 inim
388 4163 553 4240 intellexit3
571 4162 674 4247 deinde
696 4167 853 4227 aecundam
878 4167 913 4227 dc
935 4168 1035 4228 Porcia
1050 4171 1192 4229 narratio·
