2626 4882
127 362 201 436 128
390 370 451 433 DE
479 364 647 432 EMEND.
673 368 902 432 THEOGON.

124 552 195 594 cura
207 532 439 608 surolpiebantur
448 534 518 591 iata.
551 534 594 589 Ac
608 520 1000 607 prinum-pinnatum·
1012 534 1165 594 nonatum

125 621 285 677 canolnuns
300 619 459 693 particulae
475 617 548 675 adeo
562 617 729 690 placebant,
749 628 785 674 nt
799 617 1087 679 aarum'reeorslatlo
1101 622 1168 679 rarl-

125 714 223 761 torum
244 701 408 759 inhaereret
429 703 554 770 animis,
576 706 749 776 quamquam
764 703 816 758 rix
828 701 949 759 diuilla
963 704 1080 761 maurit
1097 706 1171 762 inte·

125 798 257 858 metata,
278 797 376 842 tuanen
391 804 451 842 non
466 787 590 841 multam
611 785 647 840 ab
662 783 718 840 lrac
734 796 822 861 parta
831 790 993 845 carminum
1007 789 1171 867 integritati
1185 802 1188 807 '

127 880 173 929 ert
187 871 377 946 sperandum
407 869 574 946 peritenins
592 880 705 925 mature
715 872 813 945 populi
830 871 918 929 tana.
957 871 1060 947 ltaque
1070 874 1171 931 orasis

125 958 183 1014 isra
199 957 334 1030 pervenit
349 953 508 1011 odacrum
525 956 707 1024 memoriam,
729 954 832 1028 quibua
852 958 1066 1033 antiquissima
1077 964 1171 1015 reru'n

126 1042 305 1099 Graecarum
328 1048 421 1096 aetate
443 1036 766 1096 honorificentissimum
786 1039 991 1098 demandatum
1012 1042 1108 1098 luisse
1128 1040 1172 1099 rl·

128 1124 215 1181 detur
240 1139 345 1181 munus
371 1131 492 1183 vetusta
518 1124 666 1196 epicorum
692 1123 825 1180 carmina
855 1124 957 1181 sedulo
979 1125 1171 1203 propagandi·

125 1205 352 1282 Rhaps'odoa
375 1206 440 1264 dico
457 1208 542 1277 illos,
562 1224 686 1281 quorum
698 1224 803 1264 nomen
813 1208 1031 1267 tumidioribus
1045 1226 1172 1287 quorun·

128 1292 196 1350 dam
220 1293 464 1365 disputationibus
485 1289 560 1347 adeo
580 1293 638 1347 iarn
661 1301 708 1347 est
728 1291 925 1365 dinumerata,
954 1303 990 1349 ut
1009 1296 1045 1350 in
1067 1294 1171 1373 valgos

127 1377 230 1435 audiat
241 1381 371 1454 pessime.
405 1375 516 1447 Nempe
532 1390 591 1432 non
605 1374 798 1435 recordantur
812 1379 913 1449 multi,
934 1376 1013 1451 puod
1032 1377 1085 1433 rix
1096 1380 1169 1435 ullas

128 1472 312 1536 superessent
338 1462 557 1535 antiquiorinsae
578 1470 702 1535 'poeseos
728 1462 882 1537 reliquiae,
916 1462 977 1517 nisi
1006 1461 1171 1521 ineredlblll

126 1545 230 1604 borum
246 1547 377 1605 virorum
393 1544 490 1602 studio
507 1562 542 1601 ac
557 1544 654 1600 labore
668 1543 752 1601 nobis
771 1545 898 1602 luissent
909 1556 1118 1603 conservatus
1128 1572 1170 1592 -·

127 1632 411 1704 Antiquissima
427 1631 564 1687 memoria
579 1625 740 1703 rbapsodos
754 1638 784 1684 et
796 1631 873 1705 ipsos
889 1640 1045 1703 poetarum
1058 1642 1167 1689 murima

127 1717 220 1776 fuisse
242 1717 375 1786 lunmor,
395 1717 525 1772 uranium
546 1714 670 1769 maxime
689 1723 735 1768 eat
753 1709 911 1788 probabile.
956 1712 1078 1772 Etenim
1089 1713 1169 1771 naltl

128 1803 265 1872 iuvenes,
286 1799 430 1857 foecundo
452 1809 481 1855 et
503 1797 540 1855 ad
560 1796 709 1853 fundenda
725 1800 855 1856 carmina
868 1808 938 1873 apto
953 1799 1077 1875 ingenio
1091 1816 1171 1874 prac-

128 1884 201 1956 diti,
222 1883 353 1940 studiosa
375 1893 476 1956 poetar
497 1883 668 1956 prosequuti
689 1881 781 1939 luisse
803 1883 959 1955 ridentur,
980 1892 1017 1939 ut
1034 1884 1173 1941 suasissts

128 1985 208 2028 maru
225 1982 329 2026 versus
351 1965 498 2044 pungendi
518 1975 612 2022 artem
632 1968 807 2041 optimorum
825 1970 1038 2045 magistrorum
1052 1982 1172 2026 conarr-

128 2052 230 2110 tudine
263 2060 292 2109 et
323 2052 507 2110 institutione
543 2051 719 2124 pedetentim
748 2051 893 2109 discerent
917 2070 953 2109 ao
984 2054 1169 2126 percolerent

130 2138 224 2205 Quam
243 2137 274 2193 iu
297 2154 359 2194 rena
379 2136 513 2213 magistri
534 2138 664 2193 carmina
687 2147 822 2193 accurate
845 2146 940 2194 menta
966 2136 1171 2213 percipiebant,

128 2221 289 2281 tuemur-ise
307 2219 498 2291 mandabant,
522 2221 617 2295 lisque
638 2220 797 2278 artificiose
817 2221 898 2278 etad
913 2221 1171 2295 discipliuaenos·

128 2322 207 2365 mam
221 2305 378 2362 reelmndis
393 2303 519 2362 debltam
532 2315 701 2381 gratamque
715 2304 939 2380 interponebant
954 2321 1083 2379 operam.
1107 2304 1170 2363 tiae

128 2391 191 2449 lere
204 2387 491 2447 honorificentissimi
503 2392 617 2466 negotii
628 2390 747 2446 luerunt
758 2393 896 2468 origines.
920 2420 958 2434 -
983 2394 1031 2446 At
1049 2397 1170 2465 pabutu-

131 2492 244 2550 cunque
261 2473 358 2530 studio
375 2493 492 2550 operam
507 2474 622 2531 fuerant
637 2475 788 2551 aggressi,
806 2475 859 2531 rix
873 2484 970 2532 tamen
985 2473 1105 2531 dubium
1117 2482 1173 2543 ert,

131 2561 202 2636 quin
225 2568 257 2615 et
277 2560 457 2637 singulorum
477 2577 612 2617 versuum
625 2574 840 2634 nonnumquam
854 2558 1004 2617 laederent
1018 2560 1173 2641 integrita-

131 2654 209 2715 tem,
226 2652 255 2700 et
270 2660 385 2701 omnem
407 2646 550 2701 orationis
564 2644 786 2701 continuitatem
799 2645 955 2717 aliquoties
971 2650 1173 2717 perverterant

131 2740 165 2788 ac
183 2729 218 2786 de
239 2745 293 2786 aua
315 2731 461 2786 sententia
479 2730 689 2784 instaurarent.
731 2728 772 2783 At
786 2745 858 2784 rero
872 2728 923 2785 ubi
937 2729 975 2785 in
990 2728 1028 2783 lia
1045 2727 1173 2805 regionis

131 2812 204 2882 but,
233 2813 336 2887 quibus
364 2822 450 2887 poeta
469 2813 530 2888 ipre
550 2813 682 2867 carmina
702 2813 902 2888 impertiverat
921 2822 990 2884 sua,
1019 2811 1121 2871 eadem
1137 2824 1172 2869 ax

130 2897 264 2973 professo
284 2897 463 2953 recantanda
483 2895 682 2968 suscipiebant
704 2894 860 2968 rhapsodi,
889 2898 953 2953 sine
976 2896 1038 2952 ulla
1062 2896 1173 2953 dubita·

131 2982 213 3038 tione
231 2991 406 3058 magnopere
427 2983 464 3037 iis
486 2990 549 3037 erat
562 2980 737 3050 terendum,
758 2997 795 3036 ne
809 2982 897 3052 nimir
913 2981 949 3038 ab
963 2982 1172 3058 genuinam·

130 3068 222 3125 tionis
241 3066 446 3123 conformitate
468 3063 647 3122 deflectendo
669 3065 850 3139 popularium
877 3067 990 3122 animos
1004 3074 1110 3137 poetae
1122 3064 1172 3121 ad·

130 3149 188 3209 lruc
203 3149 317 3208 deditur
337 3151 441 3207 merliu
457 3151 609 3207 irritarent
622 3158 680 3206 eta
697 3149 797 3224 seipsi
814 3149 1035 3208 abalienarent.¹
1067 3150 1174 3217 Quam·

132 3248 217 3311 quam
232 3248 269 3291 ue
281 3233 354 3292 bace
366 3234 480 3309 quidem
498 3252 584 3290 causa
596 3248 709 3289 omnem
723 3232 848 3291 abstulit
869 3234 1046 3291 mutationis
1065 3248 1171 3291 auran·

131 3344 175 3364 α-
196 3316 341 3375 Contra
363 3321 388 3376 ri
405 3316 521 3394 quando
539 3330 574 3373 eu
588 3328 782 3392 pervenerunt
793 3316 950 3392 rhapsodi,
971 3334 1030 3390 quo
1044 3318 1174 3375 narnias

131 3401 169 3458 ab
185 3402 352 3459 auctoribus
364 3404 434 3478 ipris
447 3401 575 3459 nondum
589 3411 673 3458 erant
690 3403 818 3477 perlata,
833 3418 1006 3477 quemquam
1020 3403 1053 3457 ln
1071 3414 1174 3481 genera

131 3487 214 3542 nulla
230 3485 312 3542 adest
325 3504 427 3559 causa,
451 3503 502 3543 cur
518 3495 568 3542 eut
583 3487 742 3542 carminum
757 3489 875 3561 puritati
889 3496 919 3542 et
932 3487 1101 3561 integritati
1116 3500 1173 3542 nou

132 3569 254 3627 multum
281 3568 428 3627 studuisse
454 3570 645 3641 arbitremur,
674 3568 748 3626 nibil
777 3581 875 3627 tamen
902 3569 1090 3643 prohibebat,
1117 3584 1172 3644 prr

133 3655 229 3712 minus
256 3653 306 3709 illa
335 3655 433 3726 paullo
453 3655 628 3712 incuriosius
655 3658 822 3711 recitarent.
870 3652 956 3711 Certe
981 3653 1085 3710 iisdem
1106 3664 1176 3711 tunc

135 3739 265 3797 carmina
286 3736 415 3794 obnoxia
433 3748 518 3795 erant
539 3738 769 3810 mutationibus,
791 3756 910 3814 quarum
928 3739 1026 3812 paullo
1043 3749 1113 3795 ante
1125 3754 1175 3793 ex·

133 3825 279 3902 posuimus
299 3835 411 3879 caurus.
454 3821 521 3879 Nisi
541 3821 619 3878 lurte
638 3840 672 3879 eo
695 3823 824 3879 atrocior
844 3832 908 3880 erut
937 3821 1062 3879 audacia
1086 3838 1175 3896 eoque

135 3909 230 3965 minus
246 3904 407 3980 reparabile
423 3905 576 3978 damnum,
598 3924 656 3982 quo
669 3910 763 3984 magis
781 3908 831 3965 isti
847 3909 879 3964 iu
892 3908 989 3963 alieno
1004 3922 1094 3979 opere
1108 3906 1175 3963 lict-

133 4008 165 4050 re
183 3988 239 4050 sibi
258 3992 441 4066 putaverint,
1188 4000 1192 4009 ·

219 4073 424 4133 Praeterea
443 4073 609 4153 gravissimi
625 4075 763 4132 momenti
775 4070 849 4132 illud
862 4082 923 4147 ert,
943 4072 1022 4149 quod
1039 4070 1175 4149 rbapsodl

134 4161 325 4217 vetustiorum
343 4170 493 4236 puetarum
515 4160 653 4235 reliquiar
674 4177 740 4216 cnm
764 4161 825 4215 suis
844 4161 973 4236 ipsorum
996 4157 1174 4215 carminibus

135 4249 239 4301 temere
255 4245 492 4306 commiscebant.
533 4243 577 4303 Ac
596 4244 692 4302 minus
713 4242 830 4321 quidem
850 4246 986 4303 nocivum
998 4260 1093 4322 genus
1106 4256 1177 4301 eou-
