2626 4882
449 905 481 979 (2
507 909 544 980 A
568 905 602 983 P
626 906 664 983 V
688 907 726 981 'l'
777 907 860 982 xt

373 1071 575 1130 vossrvs.
637 1070 932 1128 nunuuuuvs.

518 1232 800 1249 ff

131 1322 428 1401 Recen'tissime
447 1341 570 1416 deniqne
593 1341 764 1399 criticorum
786 1342 884 1401 studio
905 1339 1098 1423 Theogouiee
1119 1346 1168 1407 i·-

132 1428 237 1503 pertito
254 1426 462 1484 diversissimis
478 1435 620 1504 reguntur
634 1427 797 1499 principiis.
828 1425 905 1486 Nem
925 1429 1000 1486 slii
1021 1447 1109 1507 quum
1126 1431 1168 1489 iu-

131 1513 357 1586 terpolationum
375 1511 535 1569 doctrinam
550 1529 608 1566 nou
624 1525 746 1581 prorsus
763 1510 899 1571 damnent
917 1531 952 1570 ec
972 1512 1107 1591 lugiunt,
1126 1522 1168 1574 ts·

130 1614 198 1654 men
214 1599 244 1654 in
258 1615 365 1675 genere
381 1606 522 1672 quruntum
539 1597 599 1651 ulio
622 1592 708 1650 niodo
727 1594 792 1653 fieri
817 1597 903 1668 lieet,
933 1616 1077 1657 omnen
1094 1617 1166 1657 cer-

130 1683 244 1739 miuis
271 1682 466 1753 ambitum,
494 1681 642 1757 qualem
665 1679 822 1736 codices
844 1680 1049 1755 exhibent,
1081 1692 1165 1759 stre·

130 1783 200 1823 nuc
231 1764 506 1822 defendendum
535 1782 619 1819 csse
650 1773 795 1821 stutuunt.
842 1765 924 1822 Alii
955 1778 1081 1839 contre,
1112 1784 1168 1825 uon

129 1851 265 1927 neglecte
286 1849 471 1906 librorum
490 1850 680 1921 anctoritate,
701 1846 732 1904 id
749 1858 845 1906 tumen
861 1851 996 1925 inprimis
1012 1860 1122 1930 egunt,
1137 1859 1169 1907 ut

132 1950 302 2005 tormen,
330 1935 445 1990 etium
469 1950 514 1988 ex
542 1933 805 2006 antiquitatis
833 1933 1011 1992 sordibus
1033 1953 1169 1995 omnen·

56 2041 62 2056 ⁶
131 2018 268 2087 letum,
295 2015 336 2073 ud
358 2017 619 2094 genuinumne
642 2018 867 2089 primerism
888 2019 1169 2092 conditionem,

130 2100 259 2180 quoad
291 2102 373 2156 eius
407 2100 503 2157 fieri
529 2103 675 2173 possit,
717 2101 949 2159 artificiose
979 2114 1169 2164 revocent.

130 2185 264 2259 Denique
287 2193 357 2242 sunt
377 2186 481 2255 etiem,
509 2193 543 2241 ut
557 2183 606 2255 fit,
627 2186 676 2262 qui
692 2185 771 2242 inter
785 2196 924 2261 utrosque
937 2188 1055 2247 incerte
1069 2189 1169 2247 iudicis

129 2271 280 2328 vuciueut.
313 2268 452 2326 Ordinem
467 2279 564 2326 sutem
578 2268 689 2325 ducunt
705 2270 737 2326 iu
756 2272 847 2346 priori
864 2274 981 2349 agmine
998 2271 1169 2345 Vossius,

129 2354 267 2411 incltero
287 2348 536 2414 Hermsnuus.
580 2352 626 2410 Ad
648 2352 805 2412 discrimen
826 2374 896 2413 vero
917 2360 1168 2415 cerumtutsuou-

130 2437 197 2496 dum
218 2447 389 2512 perventum
414 2446 476 2512 est3
506 2457 560 2494 nee
579 2439 657 2495 vires
673 2441 824 2513 utriunque
847 2443 918 2496 sctis
936 2445 996 2497 inm
1012 2442 1169 2516 expliestsc

129 2542 193 2581 esse
212 2521 360 2582 ridentur.
404 2521 488 2590 Quod
505 2524 531 2579 si
553 2523 662 2579 loetum
685 2521 793 2595 fuerit,
823 2524 877 2580 vix
897 2523 1057 2598 obnixius,
1076 2543 1168 2601 spero,

129 2609 206 2666 iuter
222 2626 253 2664 se
267 2605 465 2663 decertubunt.
495 2605 529 2666 Iu
543 2624 648 2683 genere
660 2617 757 2663 nutem
772 2609 865 2665 tutius
880 2609 1014 2681 proiecto
1029 2619 1077 2668 est
1087 2610 1169 2669 vos·

130 2695 224 2751 sium
240 2692 340 2766 scqui3
362 2689 548 2747 Hermann
559 2708 599 2746 us
621 2700 724 2748 contre
739 2693 855 2749 excelso
869 2693 1005 2766 quidem,
1027 2694 1079 2751 sed
1095 2696 1168 2769 peri·

128 2778 311 2835 culosissimo
329 2793 383 2831 nos
407 2775 487 2832 ducit
509 2774 630 2832 tremite
646 2773 684 2830 ud
700 2794 811 2833 summe
824 2779 898 2834 sutis
913 2779 1034 2834 critiese
1048 2779 1169 2856 sesopia.

128 2858 277 2919 Dedaurus
298 2877 352 2914 nos
377 2861 404 2916 ei
424 2857 588 2928 ducendos,
604 2859 715 2933 opertis
729 2860 844 2935 quidem
861 2863 953 2917 oeulis
971 2880 1028 2919 nec
1043 2864 1168 2921 uiuitur

128 2946 271 3022 illigatis3
298 2953 493 3014 revertemur,
521 2944 548 3000 si
568 2943 645 3000 forte
670 2954 721 3000 out
741 2947 876 3021 persequi
898 2964 965 3004 eum
985 2964 1168 3028 nequeunt,

128 3039 209 3089 suta
224 3037 304 3085 recte
318 3029 367 3085 vis
386 3027 549 3084 nbnlieunri
567 3027 725 3084 videamur.

211 3112 373 3173 Hesiodi
394 3109 669 3190 Theogoniam,
696 3113 759 3184 uit,
780 3114 853 3170 slii
872 3123 1004 3188 poetse
1023 3134 1104 3174 nune
1120 3112 1169 3173 sd·

129 3196 241 3270 dendo,
265 3215 343 3253 nuno
368 3195 564 3266 detrahendo,
595 3215 674 3252 nune
695 3196 849 3270 mutando,
880 3201 1016 3275 pronti
1037 3204 1166 3277 cuique

128 3283 354 3351 consilium,
384 3281 481 3356 quod
512 3282 590 3357 ipse
622 3279 805 3353 habebnt,
839 3285 1046 3355 pertulere
1069 3284 1166 3342 ride·

127 3366 258 3437 betur,
279 3366 638 3440 interpolaverunti
685 3363 744 3422 Sed
763 3384 869 3443 magno
885 3368 1166 3426 fortunuohenefieio

127 3450 312 3518 rectumst,
340 3458 374 3504 ut
390 3452 420 3506 in
446 3450 627 3524 plurimis
650 3449 722 3507 loeis
746 3451 881 3508 simulet
901 3465 1013 3509 vetus
1036 3454 1164 3513 sermi-

128 3552 210 3592 uum
229 3532 369 3602 lornrn,
398 3544 427 3590 et
448 3552 499 3604 cn,
526 3552 600 3612 qnae
623 3545 693 3591 sunt
714 3536 1068 3611 interpolatorum,
1099 3554 1166 3595 eos·

127 3619 228 3676 iuncto
247 3617 402 3689 supersint.
446 3617 617 3675 Libroril
640 3621 731 3690 eninr,
761 3622 811 3694 qui
829 3619 1005 3678 diversos
1027 3640 1165 3697 poemo-

128 3705 183 3762 tis
205 3699 455 3758 recensiones
477 3713 546 3758 ente
576 3703 677 3758 oculos
699 3701 858 3776 habebunt,
886 3724 973 3781 quum
995 3725 1046 3762 cus
1072 3707 1166 3765 multis

126 3790 160 3847 ln
174 3786 247 3843 locis
263 3803 421 3861 congruere
437 3785 515 3842 inter
531 3804 562 3841 se
574 3786 853 3856 animadverterent,
876 3801 918 3846 ut
940 3790 1072 3848 lubori
1091 3809 1166 3870 pnr-

128 3878 283 3941 cerent,
319 3871 357 3926 in
384 3886 488 3926 unum
516 3886 651 3943 corpus
672 3872 767 3929 illes
791 3875 1103 3949 coniunxerunt,
1124 3892 1165 3931 se·

127 3957 183 4015 mel
202 3952 371 4025 scribentes,
388 3970 462 4028 quoe
477 3952 656 4012 diversorum
673 3958 874 4014 recensionem
888 3961 1054 4016 communio
1066 3966 1165 4017 essem.

128 4043 304 4114 utrumquem
320 4039 363 4095 sie
376 4055 489 4113 quoque
510 4036 618 4096 suetum
641 4050 700 4111 est,
722 4051 754 4097 ut
773 4039 821 4099 hio
843 4043 904 4099 illic
926 4043 1036 4119 nliquid
1055 4044 1116 4101 sire
1132 4042 1165 4099 tle

129 4126 304 4197 critiquioris
321 4133 424 4198 poetae
440 4122 554 4196 verbis,
576 4125 638 4182 sire
658 4123 692 4180 de
709 4126 918 4184 mutationibus
937 4138 968 4185 et
986 4126 1165 4187 additamen-

128 4214 168 4266 tis
188 4210 426 4282 interpolatorum
446 4209 599 4278 interieet,
624 4210 749 4266 mnxime
769 4213 794 4267 si
816 4229 876 4268 nou
906 4221 967 4269 toto
988 4231 1094 4285 resen,
1119 4208 1165 4271 sed
