2626 4882
465 339 777 408 PRAEFATIO.
1098 365 1147 411 vu

82 533 188 601 quum
212 522 277 590 cst,
311 520 348 575 ut
375 515 689 578 commentationum
726 533 870 581 mearum
901 512 1073 581 consilium
1102 536 1143 583 sc

83 617 193 682 finem
213 615 324 701 paucis
340 611 543 695 describam,
564 629 633 681 tum
649 637 692 682 ue
707 619 882 705 exigantur
897 640 923 682 s
939 615 1034 682 nobis
1056 639 1140 704 quae

84 733 254 806 praestare
269 715 446 798 noluimus,
461 729 530 782 mm
545 740 588 782 ne
602 741 643 784 ea
658 740 740 806 quus
755 734 787 785 et
801 719 963 787 voluimus
972 736 1138 808 praestare

85 837 122 888 et
136 823 339 908 praestitisse
352 818 449 885 nobis
463 821 625 899 videmur,
651 827 811 889 morosius
825 836 1086 910 percenseantur.

164 924 207 990 In
227 926 318 989 omni
338 922 402 988 hoc
423 926 566 991 carmina
580 923 777 992 Graeoomm
796 930 1023 1014 antiquissima
1039 927 1134 994 casti·

84 1029 187 1114 gandi
205 1028 341 1115 negotio
357 1029 582 1114 maximopere
598 1031 773 1096 curandum
789 1044 858 1108 est,
882 1045 919 1096 ut
933 1045 1021 1096 serta
1038 1051 1135 1116 quae-
1237 1056 1243 1065 ·

82 1134 160 1196 daur
189 1146 422 1215 temporum
453 1132 690 1198 intervalla
719 1155 765 1199 ex
791 1134 929 1199 historia
953 1131 1133 1199 litterarum

84 1238 290 1320 antiquarum
304 1231 433 1323 plenius
445 1232 659 1301 describenda
674 1251 822 1302 accurate
835 1250 985 1303 uotsntur
999 1252 1032 1301 et
1044 1258 1132 1302 sirm·

81 1360 141 1402 mo
164 1358 238 1402 oum
261 1337 370 1402 studio
394 1359 622 1424 usquequaque
646 1338 868 1405 observentur.
919 1337 1012 1416 Quae
1033 1361 1132 1426 quum

81 1439 184 1526 vulgo
200 1441 381 1506 maxiluam
395 1455 520 1526 partem
543 1464 609 1506 uon
625 1443 789 1530 disparata
802 1444 923 1509 fuerint
940 1455 976 1507 et
993 1447 1078 1508 inter
1093 1463 1132 1508 ss

79 1546 259 1629 permista,
285 1541 357 1607 fieri
374 1565 440 1608 non
455 1547 574 1628 potnit,
601 1548 678 1631 quin
694 1549 801 1611 omnis
817 1547 886 1611 fere
906 1567 1006 1631 opera
1021 1548 1131 1611 esitius

82 1646 219 1711 arbitrio
240 1648 351 1729 potius
374 1668 470 1732 quam
493 1651 621 1713 ratione
642 1664 820 1734 regeretur.

160 1746 354 1814 Etenimab
376 1752 503 1837 origine
526 1753 704 1815 carminum
725 1752 767 1817 ad
783 1762 930 1816 nostram
944 1771 1045 1837 usque
1062 1771 1130 1816 me·

89 1853 225 1916 moriam
249 1872 324 1917 sex
349 1853 419 1917 lere
437 1853 618 1938 separanda
634 1870 708 1919 aunt
725 1870 951 1940 temporum
972 1857 1128 1940 spatia,

81 1977 285 2042 quaequam
301 1958 394 2020 vario
416 1957 513 2022 modo
534 1959 646 2022 omnia
666 1957 831 2024 obfuerint
853 1959 1030 2044 integritati
1057 1956 1130 2023 illo·

75 2079 174 2138 sam,
193 2061 451 2123 diversissimas
465 2059 598 2146 ringula
610 2082 754 2147 eamque·
763 2060 1047 2146 diligentissimam
1064 2057 1129 2125 sibi

78 2175 241 2246 expetunt
263 2162 566 2228 considerationem.
613 2156 760 2230 Primum
784 2165 955 2229 advertunt
983 2165 1129 2228 animum

77 2277 230 2351 tempora
245 2286 305 2344 ea,
323 2288 407 2350 quae
421 2269 633 2333 economus
653 2270 782 2357 origine
804 2269 982 2332 carminum
1002 2279 1035 2330 et
1052 2269 1131 2333 scri·

79 2383 211 2453 prorum
226 2369 460 2453 exemplarium
476 2372 692 2436 coniectione.
739 2368 828 2436 Hinc
849 2371 1045 2455 pedetentim
1068 2371 1130 2434 erit

78 2473 123 2536 ad
152 2475 336 2536 criticorum
362 2470 660 2539 Alexandrinorum
687 2471 890 2559 disciplinam
919 2473 1129 2559 progredien-

80 2575 171 2639 dum.
222 2571 320 2650 Quod
350 2578 495 2662 sequitur
520 2576 674 2662 deinceps
702 2578 924 2642 vastissimum
954 2575 1127 2639 multorum

78 2676 289 2743 saecalomns
308 2685 449 2762 spatium
472 2679 576 2745 donec
598 2678 779 2745 litterarum
799 2677 995 2745 Graecarum
1019 2678 1128 2743 studia

80 2795 152 2846 tuns
168 2779 294 2846 Romae
315 2794 385 2847 tum
405 2781 627 2848 Alexandriae
658 2796 725 2848 tam
750 2781 901 2865 Byzantii
932 2778 1127 2846 deficiebant

80 2883 251 2969 paullatim
266 2897 300 2949 et
311 2884 615 2971 exstinguebantur,
634 2884 733 2972 longe
748 2887 920 2950 intentiore
934 2906 1029 2970 quarn
1044 2904 1126 2969 qnae

59 3037 65 3044 .
83 2989 238 3070 praestita
251 2986 302 3051 illi
319 3001 371 3052 est
386 2991 568 3055 criticorum
584 3010 661 3055 cura
679 2989 908 3075 dignissimum
924 3001 985 3051 est.
1036 2986 1126 3052 lderu

84 3109 214 3152 samaro
226 3093 293 3155 iure
307 3091 349 3155 dc
364 3094 527 3175 proximis
542 3091 682 3155 saeculis
697 3093 906 3176 pronuntiare
922 3089 1009 3168 licet,
1028 3109 1126 3174 quum

78 3189 221 3278 primurn
236 3193 344 3258 studia
357 3192 416 3258 illa
422 3192 573 3278 Byzantii
586 3192 717 3258 saeculo
733 3213 818 3256 nouo
833 3204 944 3256 essent
958 3190 1066 3278 aliqua
1081 3213 1127 3257 ex

76 3310 172 3381 perte
194 3298 392 3376 instaurata,
418 3298 535 3363 deiude
562 3319 621 3382 per
648 3294 782 3362 saecula
810 3293 934 3381 aliquot
962 3308 1030 3359 tum
1057 3293 1126 3360 illis

76 3412 147 3464 tusa
167 3401 358 3486 propinquis
371 3397 563 3487 regionibus
582 3400 755 3465 admodum
771 3398 916 3463 studioso
932 3397 1124 3465 colerentur.

75 3499 199 3566 Paullo
218 3516 294 3587 post
316 3503 475 3569 manslato
502 3506 537 3567 iu
559 3501 689 3569 ltaliam
718 3501 916 3568 Graecarum
944 3499 1125 3567 litterarum

77 3625 195 3668 amore
215 3619 250 3670 et
269 3607 396 3685 studio,
421 3626 518 3692 quum
542 3604 679 3671 llomeri
696 3604 895 3692 Hesiodiqno
918 3607 1062 3670 carmina
1083 3604 1124 3670 ad

77 3721 213 3773 sextum
237 3707 397 3773 decimum
424 3729 526 3795 usque
551 3707 713 3775 saecubrm
737 3706 779 3772 ab
803 3698 906 3774 doctis
929 3721 961 3774 et
986 3709 1126 3775 indoctis

78 3792 271 3875 lrom'inibus
290 3831 391 3896 saepe
417 3810 486 3877 illic
505 3810 810 3892 transcriberentur,
835 3814 900 3876 nisi
914 3812 1073 3897 permulta
1087 3830 1126 3876 ae

76 3912 252 4001 praeclara
271 3912 443 4000 hodieque·
455 3911 650 3980 exhiberent
664 3917 760 3980 istius
776 3936 873 3980 curae
895 3916 1125 3998 socordiaeque

77 4027 292 4084 monumenta
310 4020 537 4103 maximopere
558 4031 647 4084 esset
668 4018 862 4085 mirandum.
911 4015 1059 4101 Denique
1080 4036 1126 4081 ex

76 4142 145 4207 quo
174 4121 316 4205 primurn
343 4122 430 4206 typis
451 4136 589 4187 exarata
613 4135 689 4188 suut
713 4125 857 4187 cannina
880 4119 922 4181 ad
944 4133 1125 4183 uostrmum

77 4222 329 4310 exemplarium
354 4222 561 4312 splendorem
590 4239 658 4291 tarn
686 4224 867 4314 singularis
896 4240 934 4289 ac
961 4221 1127 4291 mooudits
