2626 4882
354 306 357 311 ’
455 338 540 411 nun
562 338 606 411 ιι
641 336 746 405 ..can
769 339 862 405 xtn.
927 364 932 373 ·
1093 333 1170 405 ιιι

124 503 306 564 anctoritate
329 499 431 558 inferri
446 501 477 558 in
492 510 601 559 textum
617 504 721 575 potuit.
764 500 869 561 Currant
883 502 958 563 enim
973 501 1098 579 aliquant
1114 503 1174 561 cri·

126 593 216 647 ticam
231 588 462 659 interpretaione
477 585 608 645 adhibuit
623 588 753 645 carmini.
795 588 905 646 Prodat
923 588 977 644 hoo
995 589 1171 666 Argaeua

126 675 179 730 ille
194 691 277 740 mone
301 677 345 743 (o.
361 664 459 747 484.)
471 667 636 740 Cretensis,
656 673 706 744 qui
723 672 884 747 primam
906 670 953 729 hio
968 675 1128 750 comparuit
1142 681 1174 730 et

128 758 229 816 multis
252 755 355 811 deinde
378 755 525 826 imposuit.
576 754 727 811 Neminem
756 755 1022 828 accomodando,
1061 755 1172 833 quide

128 841 295 920 primordiis
322 841 395 897 artie
415 840 534 895 criticae
554 848 605 895 aut
625 841 790 897 accuratius
810 843 996 918 investigarit
1016 851 1067 898 aut
1082 842 1171 899 altiua

127 926 320 1002 cogitaverit,
343 922 418 996 quod
441 925 540 996 primic
562 923 737 995 temporiltna
756 927 833 983 circa
847 928 964 982 pontina
977 927 1093 1001 propria
1108 943 1172 983 eae·

129 1011 247 1087 piaeime
271 1017 395 1084 emerat
419 1017 569 1082 occupata.
614 1007 747 1076 Accedit,
775 1008 852 1084 quod
876 1007 923 1065 hio
943 1010 1023 1065 locun
1039 1009 1171 1085 pluribua

106 1102 116 1117 ⁴
127 1095 263 1170 proxima
285 1101 391 1149 aetate.
404 1095 550 1166 negotium
571 1092 699 1152 laeeaait.
743 1089 810 1151 Ηιιο
835 1092 953 1162 deiero,
973 1093 1050 1168 quod
1071 1102 1115 1151 eat
1133 1109 1172 1152 ex

129 1177 194 1245 ead.
210 1175 342 1234 llediceo
356 1186 485 1233 notatum
500 1175 553 1235 Al
559 1173 602 1255 γέ
606 1198 655 1237 ιον
671 1176 704 1237 dv
717 1170 780 1253 ipat
788 1220 799 1251 ,
820 1175 924 1234 deindo
939 1175 1174 1236 llomlritlanum

131 1262 234 1322 Monte
250 1259 302 1319 and
319 1257 456 1330 Idaeo,
477 1259 553 1333 quod
573 1262 674 1334 procul
692 1259 780 1317 dudio
792 1260 960 1319 adverteret
976 1263 1175 1338 interpretem.

129 1347 258 1423 legeret
281 1347 357 1401 enim
380 1343 583 1402 lloauhritiunr.
600 1343 635 1405 V.
652 1347 727 1420 inpr.
748 1362 776 1401 ο.
796 1346 876 1407 375.
921 1344 1063 1419 Superest
1082 1355 1117 1403 ιιι
1135 1344 1172 1404 de

129 1431 218 1489 fonte
237 1428 447 1485 emendationia
466 1437 630 1501 quaeratur.
673 1430 738 1496 (iun
757 1429 790 1484 in
811 1446 843 1487 re
867 1431 936 1489 licet
952 1429 1026 1487 nihil
1039 1429 1076 1487 ab
1092 1430 1172 1488 omni

132 1513 318 1571 dubitatione
339 1515 377 1569 eit
398 1512 535 1583 liberum,
559 1512 695 1570 credibile
719 1523 890 1583 temneat,
910 1512 1064 1571 obscuram
1084 1509 1175 1571 Boa-

129 1601 313 1657 aatianaa
332 1596 367 1652 de
386 1595 550 1673 Aegaeo,
572 1593 839 1669 Cappadociae
859 1606 1004 1668 monte,
1024 1598 1173 1655 narratio·

128 1686 181 1741 nie
208 1684 378 1740 memoriam
400 1679 514 1736 deditae
538 1683 720 1737 coniecturae
743 1698 854 1739 antam.
904 1678 1041 1741 Tradidit
1067 1691 1174 1755 autern,

129 1765 171 1826 alt
184 1768 295 1825 aceede
310 1766 392 1822 illum
405 1761 462 1821 Dei
472 1762 666 1823 habitaculum
680 1765 772 1823 initae
786 1764 937 1825 creditum.
979 1763 1015 1826 V.
1034 1767 1072 1826 de
1088 1783 1175 1825 aton·

128 1851 214 1922 ιᾷιιιι
220 1869 256 1930 p.
274 1850 352 1912 133.
364 1847 392 1905 d.

220 1981 414 2058 Reliquam
438 1980 547 2039 codicia
568 1979 695 2041 indolem
715 1982 965 2041 coneultiaeimnnr
985 1982 1041 2042 erit
1061 1984 1105 2042 eie
1124 1980 1176 2041 tle-

131 2069 304 2145 aeriptiaae‚
324 2076 358 2124 ιιι
382 2067 632 2143 praestantissima
656 2066 866 2142 diecrepantine
890 2084 999 2147 genern
1019 2066 1057 2125 ad
1078 2086 1177 2127 exem·

128 2152 217 2231 plum
239 2161 371 2210 veterum
391 2149 549 2209 editionum
567 2150 767 2226 disponantur.
810 2153 874 2220 (luo
897 2152 993 2226 lacto,
1013 2160 1065 2209 aut
1081 2155 1176 2210 inter-

129 2238 228 2317 pretii
248 2236 428 2314 diligentiam
451 2245 502 2292 aut
519 2237 615 2308 potius
630 2236 739 2294 codicia
752 2245 885 2294 naturum
899 2236 1097 2313 pinniealnmm
1110 2236 1176 2295 fore

132 2319 291 2381 credimur.
335 2315 433 2376 Codex
453 2319 490 2375 ad
513 2320 688 2395 reliquorum
709 2319 838 2378 indolem
863 2323 993 2399 proxime
1021 2320 1179 2379 aceeaaerit

133 2408 258 2465 menuae
281 2414 334 2460 eat.
375 2402 434 2460 Sed
454 2418 541 2477 quum
564 2403 638 2461 nulli
656 2414 752 2461 tumen
770 2404 806 2462 ab
822 2409 900 2462 omni
916 2415 997 2479 parte
1010 2406 1178 2479 conveniat,

133 2490 271 2567 inprimit
294 2487 331 2545 ad
353 2486 481 2546 Aldiul
506 2489 680 2561 exemplaria
693 2486 860 2545 affinitatem
876 2491 1012 2562 pertinet.
1053 2487 1101 2547 Ex
1118 2505 1176 2565 qno

137 2586 248 2655 genere
262 2574 385 2629 aliorum
401 2572 533 2630 codicum
550 2589 692 2629 eonarnau
712 2570 880 2631 confirmata
900 2584 969 2630 tunt
989 2572 1074 2630 ilaec:
1096 2590 1123 2630 ο.
1143 2571 1177 2634 5.

137 2660 331 2756 Τιρμνοοΐο,
354 2656 411 2717 48.
428 2649 572 2735 λήγουσι,
597 2655 674 2717 544.
688 2653 851 2761 pulpae,
875 2657 954 2719 582.
972 2649 1073 2719 πολλά
1088 2655 1179 2731 dcent,

135 2744 222 2807 851.
244 2734 420 2842 Κρόνου,
450 2740 529 2802 864
550 2734 636 2819 ἡδέ,
666 2741 746 2802 910
772 2734 900 2817 εἴβεται,
929 2740 1009 2803 922.
1032 2737 1181 2815 acciptur!

135 2826 236 2898 decet,
271 2824 352 2886 925
369 2785 696 2926 ’dyponddotptom
739 2822 840 2887 1003.
856 2824 1022 2928 Νηρηΐδες.
1064 2820 1180 2883 Deinde

134 2930 167 2973 v.
184 2910 265 2973 189.
289 2905 344 2968 ἐπ’
360 2902 563 3011 ἠπείροιο,
585 2907 665 2970 243
676 2901 880 2989 Ευκριιτη
904 2908 983 2971 345.
997 2898 1179 2990 Ἅρδησκος,

136 2994 223 3059 384.
245 2989 387 3096 Νίκην,
421 2987 535 3054 283.’
525 2989 623 3069 ἔχει,
646 2993 725 3054 379.
741 2989 861 3095 Βορίην
884 2991 1181 3094 λαιψηροκέλιυθον,

138 3071 261 3143 377.“
243 3099 283 3150 ος
304 3076 501 3150 καὶπᾶοι,
523 3077 604 3138 465.
621 3069 1076 3180 Διοςμεγάλοοὸιὰβοολάς,
1096 3075 1179 3138 850.

139 3154 289 3236 ἔνιιιτιοι,
333 3162 412 3223 811.
439 3155 596 3236 λάὶοος,
633 3162 712 3222 870
738 3154 933 3241 ἀργεσιὲιο
956 3154 1181 3263 Ζεφύροιο,

140 3248 224 3311 981.
247 3238 472 3315 κάλλιστος.
525 3243 693 3343 singularia
714 3255 833 3303 eunte
854 3242 933 3306 258.
958 3236 1181 3324 αὕτοιὸμη,

139 3325 267 3395 307.
248 3346 412 3407 crepon,
439 3326 518 3390 374.
538 3320 831 3407 ῧοεονηθεΐσα,
859 3327 1183 3432 proximocapiteper·

138 3412 296 3475 deneendn.
346 3411 406 3470 Sed
425 3420 608 3488 quattuor
631 3410 761 3486 exemplu
782 3412 819 3471 ο1ι
841 3415 959 3473 nimiam
978 3410 1184 3490 depravationi·

139 3519 209 3560 mae
231 3496 414 3557 auctoritatis
434 3515 500 3555 cum
519 3494 596 3552 Aldo
623 3498 854 3571 convenientiam
875 3496 1031 3557 admodum
1047 3506 1183 3573 mepecta

140 3594 229 3656 aunt,
250 3581 389 3646 v.145.:

275 3681 443 3742 circularia
457 3683 559 3741 ecutae
576 3682 677 3742 introi
682 3679 794 3756 fronti.

141 3784 270 3845 A'ldna
291 3778 368 3845 i'etv
382 3780 519 3845 iniurato.

236 3918 452 4096 Vlliexcallo
469 4015 663 4075 contentionia
677 4015 817 4075 mulcetue
834 4015 1010 4094 compotitio.

142 4120 273 4179 Verbum
288 4119 323 4177 ab
344 4119 439 4177 Aldu
460 4128 491 4177 et
511 4117 627 4178 luntn
646 4122 754 4195 pariter
771 4120 906 4176 ommium
920 4124 975 4172 eet.
