2626 4882
493 345 574 407 LIB.
600 340 643 406 ΙΙ.
694 341 785 408 CAP.
807 344 848 411 V.
1113 341 1188 411 205
1280 355 1282 360 '

140 509 239 567 lorum
264 522 352 584 quum
373 507 545 583 explicatius
568 527 585 566 a
607 506 693 566 nobis
714 509 772 568 lam
790 507 901 567 dictum
919 507 973 580 sit,
993 504 1048 565 hoc
1061 507 1128 566 loco
1141 510 1190 568 iu·

139 593 248 669 primis
266 593 300 648 dc
314 589 478 650 accentu
498 596 553 651 crit
569 593 780 670 exponendum.
825 591 941 669 Reliqui
953 594 1030 649 enim
1049 593 1117 650 libri
1137 604 1189 654 sut

139 679 348 758 Περμησσοῖο
369 687 419 733 aut
434 672 614 758 Περμησυΐο
636 689 688 735 unt
710 679 884 757 Τερμησοῖο
905 674 1051 734 exhilaent.
1094 678 1188 737 lauti-r

140 773 198 817 uua
222 771 316 817 autem
340 771 478 817 accentus
505 765 644 820 conuenit
669 758 864 838 Hesychia
890 760 923 818 Τ.
951 758 1066 834 11.‚p.
1087 762 1185 825 942:

140 841 381 926 Πὲρμησος,
401 839 557 922 ποταμός,
582 855 611 902 ct
630 845 783 903 Crateti
806 847 888 924 apud
906 843 1002 902 Sciat.
1026 845 1116 918 Veto,
1134 845 1187 905 all

142 921 262 1006 Πᾶρμ
273 951 291 1006 η
302 946 370 1000 σος
388 947 492 986 nomen
507 933 584 986 inter
598 932 712 986 accolas
725 929 816 986 luisse
831 929 944 987 {lumini
960 929 1095 986 truditur.
1133 928 1185 986 vi-

143 1014 227 1068 detur
240 1022 335 1068 autem
350 1023 486 1069 accentus
499 1014 534 1070 uli
550 1014 708 1071 librario
724 1015 821 1089 aliquo
835 1013 964 1071 doctiore
979 1013 1015 1069 nd
1030 1022 1185 1087 praccepta

138 1095 396 1153 Aristarchcs
409 1096 444 1152 dc
462 1097 562 1154 vocab.
582 1097 613 1155 K
619 1093 638 1157 ό
648 1119 768 1176 ρησος
781 1099 935 1172 impositus
949 1114 1021 1154 csse.
1047 1096 1183 1155 Eustath.

139 1181 184 1237 od
200 1174 240 1237 ll.
259 1191 290 1254 p·
308 1181 406 1253 890„
421 1183 480 1238 im:
513 1177 552 1241 τὰ
575 1181 617 1250 εἷς
639 1176 697 1254 σοῖς
723 1173 800 1261 dudo
822 1177 879 1243 δύο
900 1175 1062 1256 συλλαβὰς
1085 1173 1184 1264 rapi?

136 1256 381 1345 ποραληγόμενο
402 1261 512 1341 ἔχοντα
532 1262 583 1325 καὶ
605 1258 708 1346 ἕτερον
722 1269 770 1340 ἶ,
801 1259 958 1339 ὀξύνεται,
976 1258 1184 1347 Ἁλικαρνησ-

137 1339 213 1420 σός,
239 1343 475 1427 Aaron-pacm,
506 1345 708 1427 Τορτησσός,
736 1343 939 1429 Λυρνησσός.
978 1344 1014 1408 τύ
1044 1346 1079 1408 δὲ
1104 1341 1183 1409 Κύ-

137 1444 263 1513 ρησος
281 1425 330 1509 μὴ
350 1427 489 1492 d'snndv
507 1427 597 1511 ξ’χον
618 1430 657 1493 τὸ
671 1427 870 1512 ‘caiatiam
886 1427 965 1494 κατὰ
982 1429 1184 1513 Ἀρόστορ·

133 1534 228 1592 χον,
259 1513 286 1573 al
302 1507 391 1575 κοὶό
417 1515 652 1594 Τυραννίων
676 1510 713 1577 ού
733 1511 889 1593 βούλεται.
932 1515 1008 1573 Coll.
1030 1514 1183 1573 8ο1ω1.Α.

136 1591 178 1656 li.
192 1611 229 1674 μ,
245 1600 301 1658 20.
314 1615 345 1672 p·
361 1600 440 1660 335.
482 1598 525 1656 Ad
544 1599 617 1656 hunc
642 1603 733 1678 igitur
749 1599 913 1658 doctrinam
932 1598 1119 1658 Arcadius
1143 1610 1182 1656 cx

137 1680 223 1739 codd.
248 1679 347 1740 Horu.
372 1693 401 1740 et
424 1683 515 1742 Puris.
536 1685 641 1745 2603.
667 1692 714 1741 est
741 1684 931 1763 corrigendus
959 1685 1181 1758 decoctorum

139 1765 215 1840 ⁷7„
233 1767 267 1827 4.
433 1767 436 1769 Α

226 1847 260 1908 V.
284 1851 362 1912 149.
380 1843 484 1931 Γύης
501 1860 598 1910 exstat
614 1850 646 1909 iu
667 1849 784 1910 lantino
799 1869 853 1928 pro
875 1844 1017 1932 Γύγης,
1048 1850 1181 1926 adstipu-

134 1935 238 2008 lante,
263 1944 297 1992 ut
318 1934 450 2007 videtur,
486 1937 586 1993 codice
612 1931 795 1994 medicea.
848 1937 1056 2006 Mutationem,
1089 1938 1179 1993 immo

134 2017 298 2077 novitatem
321 2022 510 2092 mutationis,
539 2020 637 2094 prodit
658 2016 745 2094 illud,
775 2019 930 2097 quoduuo
952 2021 1178 2095 calcaneoque

134 2103 252 2177 primo,
273 2121 329 2177 quo
344 2105 450 2180 legitur
464 2123 586 2176 nomon,
607 2106 665 2162 fuit
678 2107 825 2162 instituta.
869 2104 971 2162 Simile
987 2103 1055 2178 qnid
1070 2102 1179 2162 accidit

134 2187 168 2244 in
191 2184 256 2243 cod.
280 2187 412 2244 Parisino
436 2192 529 2264 primo
550 2199 580 2245 ct
599 2183 776 2246 Taurinensi
803 2209 830 2247 ν.
854 2189 935 2251 618.
984 2187 1045 2244 Ncc
1066 2187 1179 2262 dubito,

133 2271 208 2346 quin
227 2271 303 2329 idem
326 2272 536 2347 discrepantiae
563 2287 655 2350 genus
683 2269 714 2329 in
742 2275 839 2350 plures
867 2273 982 2330 codices
1007 2272 1177 2346 pcrrcncrlt.

131 2354 212 2412 lllnd
228 2372 299 2413 varo
315 2358 530 2428 incertumst,
551 2370 588 2413 uu
601 2356 742 2413 eiusmodi
757 2358 848 2414 libros
862 2357 972 2414 viderit
988 2354 1175 2414 linuatus.

133 2434 212 2496 Num
235 2438 312 2514 prrod
333 2440 459 2514 appellnt
481 2440 533 2496 lma
558 2443 587 2496 in
609 2460 641 2497 rc
660 2443 804 2518 quaedam
824 2443 953 2513 optimae
973 2447 1061 2497 notae
1076 2454 1177 2498 ecem·

131 2520 238 2599 pluria
257 2515 349 2598 (ch.
366 2523 445 2581 dect.
464 2517 534 2596 Vt,
551 2522 636 2604 13),
666 2523 742 2581 nihil
756 2523 891 2602 impedit,
916 2528 1068 2600 quominus
1092 2524 1176 2580 lun·

136 2610 220 2665 tina
241 2626 304 2664 curn
327 2606 437 2664 dixisse
454 2609 636 2666 arbitremur.
658 2641 698 2651 -
717 2603 862 2667 Neutra
885 2619 983 2665 autent
1009 2607 1176 2665 nominis

133 2691 290 2766 species
317 2693 428 2749 criticis
450 2686 519 2750 olim
539 2691 595 2750 luit
618 2693 734 2769 ignota3
761 2709 815 2751 nco
843 2688 919 2770 fugit
944 2689 1028 2763 illos,
1052 2691 1177 2750 formam

121 2778 341 2849 sim1dioiorcm
362 2776 540 2833 commodius
559 2776 673 2833 traduci
692 2795 777 2850 posse
796 2776 832 2834 ad
847 2778 989 2854 originem
1010 2777 1052 2832 rei
1066 2790 1176 2832 conve-

129 2857 274 2919 nientem.
315 2852 396 2917 llaec
411 2871 510 2917 tamen
523 2875 583 2932 res,
605 2870 744 2935 quantum
760 2861 875 2937 quidem
891 2880 927 2917 cx
938 2859 1058 2934 reliquls
1074 2873 1176 2918 toruus
1241 2931 1244 2935 ι

130 2946 326 3003 monumentis
348 2943 619 3022 intelligendum,
646 2960 705 3002 non
724 2941 819 3003 valuit
840 2945 913 3002 adeo
944 2943 1019 3020 apud
1048 2960 1114 3013 eos,
1141 2953 1177 3004 ut

129 3022 237 3108 Γύγης
251 3027 376 3084 formum
388 3031 543 3086 reiicercnt
558 3047 591 3085 ac
603 3027 782 3085 damnarent.
808 3028 892 3096 Quod
905 3041 1075 3103 quanaqnans
1090 3028 1174 3084 nullo

132 3110 300 3170 discrimine
321 3110 384 3169 lieri
406 3123 533 3186 poterat,
559 3113 667 3170 iactum
690 3123 787 3170 tumen
810 3126 870 3169 nou
897 3122 942 3169 est
963 3114 1069 3170 iccirco
1095 3109 1174 3183 quud

131 3209 314 3271 nequaquam
333 3197 450 3253 diversa
470 3198 549 3253 illius
574 3196 632 3254 fuit
653 3197 748 3274 origo.
794 3194 828 3252 V.
846 3196 972 3255 Passow.
992 3189 1070 3252 Τουτ.
1084 3192 1129 3267 1.,
1140 3208 1174 3270 p.

129 3282 216 3343 298.
230 3300 259 3336 ο.
303 3282 345 3337 Ac
363 3283 484 3355 primum
506 3274 635 3358 Γύγης
657 3299 760 3338 nomen
792 3290 906 3354 praeter
928 3273 1051 3338 Scholia
1071 3279 1113 3338 cd
1140 3294 1170 3342 v.

131 3365 213 3427 148.
230 3366 310 3425 617.
329 3366 408 3426 039.
425 3375 456 3422 et
474 3365 517 3424 Io.
536 3356 702 3421 Diaconum
728 3360 854 3440 Allcgor.
874 3380 905 3436 p.
923 3365 1001 3426 585.
1020 3363 1174 3437 usurpavit

129 3447 399 3525 Athenagoras
420 3465 470 3522 up.
493 3445 613 3507 Lodeck.
632 3448 776 3526 Aglaopls·
796 3461 826 3522 p.
845 3450 941 3521 504,
969 3463 1005 3505 cx
1028 3447 1172 3522 Orpliel

132 3530 359 3610 Theogonia
383 3533 574 3608 desumptum.
620 3528 731 3589 Deinde
757 3529 898 3610 Hygia.
914 3530 1052 3605 praesul.
1074 3549 1103 3606 p.
1123 3533 1172 3594 la

135 3610 275 3689 Titanes,
294 3615 461 3689 Briarcus,
486 3619 632 3693 Gygae.
672 3615 696 3672 P
704 3614 894 3690 alacphst.
912 3636 937 3672 c.
956 3619 1028 3678 20.:
1051 3611 1173 3689 Κόττος

129 3699 185 3762 καὶ
200 3694 361 3782 Βριάρεως
376 3699 426 3760 καὶ
444 3695 583 3782 Γύγης,
605 3696 636 3760 oi
650 3692 901 3780 ἕκατοντύχενρες.
930 3698 1055 3758 Schol.
1071 3700 1171 3757 Flcr.

131 3794 169 3842 et
191 3779 312 3841 Paris.
334 3786 376 3842 ad
395 3785 489 3857 Apoll.
511 3783 568 3844 Rt.
588 3787 633 3856 l.‚
654 3782 769 3847 litii:
800 3779 960 3865 Βριάρεως
980 3784 1014 3845 oi
1034 3782 1084 3844 καὶ
1105 3780 1170 3842 Ai-

129 3865 228 3949 γαίων
255 3867 305 3927 καὶ
332 3861 465 3946 Γύγης
493 3859 509 3926 ὅ
536 3862 632 3938 αὐτὸς
661 3866 777 3948 λέγεται
804 3862 1002 3945 συνωνύμως.
1043 3862 1170 3923 8ο11ο1.

131 3953 283 4010 Platon.
305 3967 337 4024 p.
361 3953 443 4013 452.
467 3950 562 4008 Bkt:
599 3948 740 4032 Οὐρανός
767 3949 800 4012 ἔκ
831 3949 893 4032 Γῆς
920 3946 1061 4030 πρώτους
1080 3947 1171 4034 γεννᾷ

127 4029 271 4109 Κόττον,
309 4031 472 4118 Βριάρεω,
503 4030 647 4114 Γύγην.
709 4032 865 4112 Gregot.
892 4033 977 4091 Nou.
1010 4032 1097 4092 Orat.
1123 4035 1170 4106 3.,

127 4133 159 4194 p.
181 4121 258 4180 104.
274 4118 325 4176 A:
357 4117 479 4193 Κότυς,
509 4114 689 4198 Βριάρεως,
716 4113 861 4199 Γύγης,
888 4117 937 4174 ubi
960 4115 1172 4176 Hesiodum

128 4205 319 4280 perstrinxit.
362 4199 423 4262 Cir.
439 4201 563 4264 Ellam
586 4200 761 4262 Cretens.
783 4204 826 4265 ad
849 4201 941 4279 (ἕως.
963 4201 983 4259 l.
1001 4215 1027 4261 ο.
1054 4197 1088 4260 Τ.
1104 4198 1170 4276 ln,
