2626 4882
160 373 193 417 ιί
529 352 848 419 PRAEFATIO.

169 521 284 588 ultimo
312 525 393 588 satis
422 521 668 589 illustravimus.
716 521 830 589 Paullo
859 536 933 610 post
962 526 1082 613 igitur,
1120 546 1217 614 quum

171 628 342 693 honestam
356 627 439 692 hanc
455 638 569 693 nactus
583 647 690 692 assem
704 627 822 694 edendi
838 633 1120 714 opportunitatem,
1137 627 1220 694 nihil

173 744 339 797 cunctatus
381 752 532 817 magnam
574 729 651 796 libri
693 744 819 818 partem
861 734 1012 797 continuo
1052 730 1219 799 tradebam

172 835 378 919 redempturi.
428 833 551 898 Varum
578 835 720 899 noudum
745 833 908 901 exhausta
939 850 1031 901 erant
1057 832 1218 923 pericula:

173 958 294 1002 novum
315 939 379 1001 iam
404 951 436 1001 et
457 958 555 1001 uuum
580 941 723 1004 omnium
745 941 975 1026 gravissimum
994 943 1097 1005 inscio
1116 940 1224 1003 immi-

174 1038 275 1104 nebat
297 1053 330 1104 et
353 1043 529 1124 imparato:
553 1043 674 1130 prodiit
696 1064 833 1107 censura
846 1041 1045 1129 exemplaris
1061 1039 1222 1108 Goettlin-

175 1145 264 1231 glani
297 1140 338 1206 ab
369 1142 609 1210 Hermanno
639 1144 733 1210 Actis
757 1142 1067 1211 vindobonensibus
1093 1149 1223 1230 scripta,

176 1249 267 1311 omni
281 1244 339 1309 illa
354 1258 421 1310 tum
436 1249 559 1334 ingenii
575 1249 663 1314 cultu
678 1249 745 1313 tum'
760 1249 952 1314 eruditionis
967 1262 1125 1335 apparatu
1141 1248 1224 1312 adeo

177 1362 320 1414 astructa
335 1362 367 1414 et
381 1363 558 1430 exornata,
580 1365 615 1417 ut
628 1353 859 1438 propemodum
874 1355 977 1418 instar
998 1354 1151 1418 editionis
1167 1350 1225 1414 ha-

176 1451 248 1516 beri
267 1454 381 1538 possit.
432 1454 646 1518 Premeudum
669 1478 746 1520 vero
767 1454 862 1523 nobis
883 1459 917 1520 in
938 1456 1000 1522 hac
1021 1477 1120 1522 causa
1141 1452 1225 1517 illud

178 1569 248 1636 est,
279 1556 485 1642 quodquam
509 1561 544 1622 iu
566 1579 683 1623 manus
708 1563 872 1624 venissent
893 1558 994 1639 Acta,
1027 1571 1227 1623 commenta-

178 1648 305 1723 tionum
329 1671 510 1725 nostrarum
531 1659 614 1726 liber
635 1665 759 1748 primus
775 1665 841 1726 iam
864 1663 968 1727 iuerat
990 1665 1073 1748 typis
1099 1661 1226 1724 exscri-

177 1776 271 1847 ptus,
291 1764 453 1827 secundus
474 1779 582 1828 autem
607 1766 661 1828 diu
685 1767 822 1830 traditus
843 1767 1050 1850 redemptori.
1097 1759 1225 1837 Quodsi

177 1864 292 1950 paucis
311 1862 433 1947 aliquot
449 1865 611 1948 exemplis
626 1867 660 1926 iu
678 1867 815 1942 eandem
832 1879 864 1928 et
887 1867 929 1928 ab
946 1867 1135 1931 Hermanno
1156 1875 1189 1926 et
1206 1883 1228 1925 a

179 1964 276 2031 nobis
298 1966 493 2051 disputatum
514 1978 565 2030 est
581 1968 792 2046 sententiam,
818 1963 902 2028 haud
918 1987 1110 2055 quemquam
1127 1966 1229 2030 animi

180 2070 248 2134 lam
272 2066 390 2133 abiecti
405 2083 501 2156 atque
515 2067 671 2156 ignobilis
689 2071 761 2135 iore
783 2088 970 2155 speramus,
991 2083 1029 2134 ut
1051 2068 1160 2134 aliena
1177 2089 1230 2133 me

183 2174 303 2237 scrinia
318 2171 512 2259 compilasse
530 2171 707 2238 insimulet.
741 2171 860 2238 Testor
874 2175 910 2236 in
925 2171 1010 2242 hunc
1025 2194 1094 2238 reru
1113 2191 1233 2259 aequa·

182 2274 248 2341 lem
282 2278 385 2339 totius
417 2278 601 2360 scriptionis
633 2291 798 2353 tenorem,
837 2288 1038 2342 constantem
1071 2273 1232 2340 librorum

182 2398 297 2453 nsunt,
321 2377 439 2443 stabile
454 2380 619 2445 iudicandi
634 2381 878 2466 disserendique
894 2399 1013 2466 genus:
1040 2392 1141 2443 testor
1156 2397 1233 2465 gra-

182 2482 320 2546 vissimu
336 2496 403 2544 tum
422 2479 519 2546 Halia
540 2498 606 2548 tum
622 2481 770 2548 Berolini
786 2503 984 2548 summorum
1006 2484 1150 2546 uirorum
1173 2501 1233 2543 no-

183 2586 292 2663 mina,
312 2588 368 2670 qui
385 2588 690 2651 commentationem
706 2586 826 2650 dudum
840 2584 1027 2671 usurpando
1042 2596 1233 2671 cognorunt.

185 2683 338 2752 Ceterum
352 2687 560 2753 Hermaunus
575 2710 768 2776 quamquam
785 2688 824 2751 ad
841 2687 1043 2776 singulorum
1064 2684 1235 2772 exemplo·

184 2810 257 2855 rum
274 2791 530 2856 emendationem
553 2791 654 2856 multa
670 2806 702 2856 et
718 2789 885 2876 praeclara
906 2811 1139 2876 saepenumero
1157 2808 1234 2854 con·

186 2892 278 2972 tulit,
304 2905 413 2957 tamen
429 2914 487 2959 neo
508 2897 540 2957 in
557 2916 677 2982 genere
693 2894 844 2958 disseruit
858 2893 898 2957 de
914 2897 1022 2958 causis
1037 2894 1255 2958 emendatio»

188 2997 261 3074 nis,
287 3017 347 3060 nec
364 3000 550 3061 universum
573 3002 622 3062 rei
643 2999 772 3063 criticae
792 3012 980 3082 apparatum
1001 3000 1106 3062 autin
1122 3016 1254 3060 nume-a

187 3111 267 3164 rato·
279 3097 391 3165 habuit
406 3113 460 3165 aut
482 3101 522 3166 ad
543 3122 638 3167 usum
657 3122 775 3166 vocare
796 3100 909 3166 voluit.
959 3101 1014 3166 Sic
1030 3103 1150 3167 factum
1173 3110 1254 3170 est,·

188 3217 225 3266 ut
239 3202 350 3266 multis
364 3202 447 3270 locis
462 3207 564 3269 virum
580 3204 893 3271 excellentissimum
916 3216 971 3267 ant
989 3205 1079 3289 sequi
1096 3223 1160 3267 non
1177 3219 1235 3262 au·
1253 3232 1256 3237 ·

190 3305 287 3381 deas,
314 3317 370 3367 aut
390 3327 499 3370 avero
516 3306 721 3372 aberravisse
737 3318 867 3369 strenuo
889 3306 1077 3370 contendas.
1128 3301 1255 3379 Quant-

189 3428 269 3472 vero
286 3407 406 3472 dudum
421 3407 579 3493 explicuit
591 3407 875 3495 interpolationem
890 3407 1080 3489 doctrinam,
1099 3408 1238 3471 eandem

191 3509 261 3575 illic
276 3531 402 3595 quoque
418 3513 521 3575 tenuit
536 3524 568 3575 et
586 3513 778 3578 exornavit:
801 3512 858 3578 aad
875 3534 974 3599 quum
994 3518 1131 3597 eaquae
1149 3532 1169 3574 a
1184 3531 1238 3573 me

193 3613 349 3678 adversus
363 3615 460 3677 istam
475 3613 526 3678 his
539 3612 635 3680 libris
647 3628 840 3701 exprompta
854 3626 930 3680 sunt
945 3628 1145 3703 argumenta,
1163 3633 1241 3676 nus·

193 3736 290 3803 quam
310 3728 365 3779 aut
385 3718 535 3782 refutarit
554 3732 609 3782 aut
630 3721 774 3805 attigerit
795 3717 996 3798 ullomodo,
1021 3738 1076 3780 cur
1092 3713 1241 3801 singulo·

192 3840 265 3885 rum
281 3819 505 3906 exemplorum
521 3825 706 3887 tractationi
721 3819 834 3887 subtili
852 3824 946 3908 eique
964 3840 1078 3906 parum
1099 3819 1241 3885 fructuo-

120 3908 123 3913 ’
195 3943 252 3987 sae
269 3922 390 3987 diutius
410 3926 562 3989 immorer
578 3925 659 3989 nihil
676 3927 770 3989 video
788 3944 916 3992 causae.

268 4024 366 4090 Plura
389 4025 429 4089 de
457 4042 575 4092 memet
602 4032 671 4114 ipso
699 4028 777 4092 licet
802 4029 924 4092 inritus
947 4030 1103 4111 exposui:
1133 4042 1238 4109 neque

196 4131 282 4190 enim
298 4130 509 4214 supersedere
530 4137 675 4217 potuisse
697 4129 829 4196 videbar
843 4130 1027 4195 narratione
1044 4134 1238 4213 importuna,

196 4249 237 4294 ne
252 4231 392 4320 iniquius
408 4245 441 4298 et
457 4235 497 4301 de
514 4254 566 4301 me
586 4249 618 4302 et
635 4237 676 4300 de
694 4254 792 4324 opero
809 4253 882 4300 mea
898 4234 1102 4302 iudicaretur·
1152 4228 1240 4297 Reli·
