2626 4882
149 346 173 419 4
418 351 479 412 DE
506 351 672 412 mma.
698 352 925 412 rflaocox.

149 515 279 575 mdbeit
290 516 458 577 ωιιίιιι.
500 515 635 582 (inem
647 513 763 589 quide·
778 515 915 588 pleraque
925 530 1014 588 quun
1027 529 1065 571 ex
1079 531 1114 570 ee
1128 512 1193 573 siat

149 621 271 683 genere,
290 599 367 676 qnod
379 603 412 658 in
427 597 578 656 radicibus
592 618 652 658 nen
666 598 822 656 ehodum
834 601 1091 676 retmtieregnare
1103 599 1192 672 salet,

150 706 210 745 non
233 696 295 742 tan
316 687 514 764 negligentia
533 684 619 753 Atti,
639 702 727 758 qna·
746 683 876 754 eodieis,
896 701 980 758 quen
995 701 1066 758 pree
1082 686 1191 741 ceteris

150 770 340 848 mouebatur,
359 769 521 827 vitiositati
537 768 710 826 urriknda
726 786 794 824 esee
813 766 959 824 ridentur.
1004 767 1103 842 itaque
1127 771 1191 842 ipsa

150 857 222 914 haee
236 858 313 912 sitia
325 856 352 910 ti
364 852 432 930 qnid
447 852 529 910 aliud
541 864 604 910 tan
614 871 771 927 operarum
783 852 968 929 diligentia·
980 851 1191 925 demonstrant,

149 953 211 1000 arn
226 939 293 998 Atti
306 938 435 995 stadium
447 939 616 1008 illnttraet,
635 941 667 994 in
679 938 769 995 rein
778 940 901 994 niueae
911 946 991 994 certe
1000 938 1190 996 ἰιιιήοιιιιι.

233 1024 342 1081 Veru-
360 1020 408 1080 bie
422 1040 461 1078 ex
474 1023 588 1078 mendis
601 1021 1003 1094 attinuere-pheteia
1019 1022 1107 1078 eximi
1131 1039 1189 1096 po-

150 1117 225 1166 test:
242 1107 293 1165 ted
306 1108 401 1164 multe
413 1109 533 1185 gratias
546 1107 663 1165 utone
672 1108 733 1163 aiie
745 1109 883 1164 ritiernn
896 1124 1013 1183 genae,
1032 1105 1116 1180 qnod·
1124 1108 1195 1181 ipen·

149 1202 253 1269 poetae
266 1191 356 1249 rerba
370 1191 537 1250 infestavit.
580 1188 683 1248 linitis
701 1195 781 1249 eninr
802 1192 943 1247 iaciant
956 1194 1101 1248 utentia
1117 1196 1196 1264 per-3

147 1279 224 1335 fecta
239 1295 300 1333 aon
315 1287 376 1333 eet:
389 1292 536 1332 naam
547 1278 627 1338 188.
640 1277 722 1337 213.
739 1276 820 1337 393.
834 1277 915 1336 708.
923 1276 1008 1336 889.
1022 1275 1115 1349 973,
1137 1282 1190 1333 ιιι

146 1363 338 1439 grammatica
344 1362 419 1418 ratio
426 1360 604 1417 deformata:
617 1378 645 1416 c.
656 1362 738 1422 267.
746 1362 828 1422 462.
840 1359 1194 1423 tarasiam-685,

149 1448 230 1508 725.
252 1446 333 1507 748.
352 1447 432 1507 812.
451 1446 534 1507 815.
553 1445 634 1508 850.
653 1447 733 1508 880.
776 1442 953 1518 Saepissime
975 1443 1099 1518 denique
1116 1460 1188 1501 vera

147 1550 199 1588 ene
225 1549 280 1588 tao
303 1529 422 1586 nodato
444 1547 505 1586 non
527 1537 661 1587 eonsmtz
689 1548 719 1589 c.
738 1530 796 1590 32.
810 1529 869 1589 43.
885 1530 942 1590 79.
953 1528 1017 1590 84.
1032 1532 1092 1590 88.
1104 1529 1195 1590 123..

148 1617 228 1679 136.
241 1616 323 1677 272.
336 1615 419 1675 295.
434 1614 515 1675 369.
527 1615 610 1677 403.
624 1613 715 1675 436.
725 1615 806 1677 582.
815 1616 899 1675 628.
915 1612 999 1676 696.Ι
1011 1614 1092 1674 766.
1105 1612 1185 1674 725.

147 1703 228 1764 862.
244 1700 327 1761 922.
342 1700 425 1760 960.
442 1700 525 1760 961.
567 1698 662 1774 Atque
678 1697 783 1759 her·
797 1697 912 1774 quiden
927 1698 1110 1772 eliornnqae
1125 1712 1194 1765 ¹eno--

145 1786 307 1858 emplornm
321 1784 486 1858 aequalium
500 1783 577 1840 bana
592 1800 660 1856 pars
672 1786 739 1841 ne'n'
750 1782 872 1852 dubito,
891 1784 964 1858 quin
977 1780 1085 1839 itidem·
1093 1783 1136 1839 eit
1147 1798 1196 1840 σι·

144 1869 246 1927 codice
262 1867 418 1924 ueduata:
437 1869 543 1943 qnippe
555 1866 656 1924 eadere
669 1867 732 1924 iere
744 1886 782 1924 ex
796 1867 882 1924 ittet·
896 1867 1017 1939 seriptis
1029 1864 1198 1943 mamete

143 1952 259 2027 prolata
280 1960 360 2010 tunt.
402 1948 525 2026 Reliqua
546 1955 805 2009 autemineertnm
827 1963 888 2022 eet,
919 1961 1018 2008 atrum
1040 1950 1198 2028 sing-tari?

143 2035 265 2093 editoris
278 2034 464 2106 infelicitati,
486 2037 535 2110 qui
550 2038 679 2108 peiorem
695 2039 726 2094 in
734 2037 847 2095 timon
861 2035 1031 2108 incidisset,
1051 2053 1092 2092 an
1106 2036 1198 2094 eine·-

142 2120 208 2178 dem
220 2118 371 2177 socordiae
382 2119 520 2194 imputari
534 2119 670 2180 debeant.
1028 2156 1032 2161 -
1077 2156 1081 2163 -
1106 2132 1111 2141 ·
1150 2156 1164 2169 -.
1175 2154 1193 2173 -.

227 2201 277 2260 Co
285 2223 305 2260 n
313 2212 374 2260 tra
395 2202 500 2264 ἀιιιιι
513 2202 586 2262 haec
598 2207 800 2264 resarciuntur
814 2204 1025 2280 quodanmodo
1037 2203 1184 2279 exquisita

141 2287 283 2345 bonarum
297 2288 456 2345 ieetionurn
469 2290 564 2363 eopia,
576 2307 650 2365 qnae
661 2310 730 2365 prae
742 2292 864 2364 reliquie
877 2304 930 2346 erra
942 2308 974 2346 se
986 2289 1085 2347 indoie
1096 2286 1183 2346 vaide

141 2371 347 2430 commendant
360 2383 411 2430 aut
424 2391 477 2448 pro
491 2376 572 2431 reris
587 2377 652 2432 tine
667 2377 729 2432 uiis
741 2376 922 2432 dubitatione
941 2372 1090 2430 habendae
1101 2381 1189 2430 tutatai

139 2455 250 2516 Earum
265 2467 363 2515 autern
377 2460 505 2516 omnium
518 2477 659 2517 reeenem
669 2460 863 2516 commodiori
878 2461 944 2516 ioco
951 2457 1093 2516 ἀιδίων
1186 2478 1200 2485 ··

225 2539 405 2616 Denique
423 2542 519 2600 studia
533 2543 667 2618 editoris,
689 2549 751 2602 sire
765 2544 856 2601 didas
869 2546 896 2600 is
911 2543 1010 2615 feerit,
1027 2544 1090 2599 tire
1104 2538 1182 2599 eiius

141 2627 226 2701 quis,
244 2644 306 2682 non
328 2636 389 2683 tam
407 2644 446 2683 ex
466 2628 503 2683 iit
523 2631 623 2687 metiri
641 2631 730 2701 licet,
751 2646 826 2704 quae
841 2628 981 2686 instituta
993 2627 1031 2683 ait
1046 2644 1082 2682 ea
1097 2634 1180 2700 eunt,

140 2726 227 2784 qnam
242 2712 341 2781 exiis,
356 2727 429 2785 qnae
443 2715 649 2785 praetermisit.
669 2711 869 2770 Praetermieit
880 2723 978 2770 autem
990 2711 1063 2767 bene
1074 2710 1184 2769 aalma·

139 2792 215 2853 Nam
235 2804 442 2869 praeterquam
460 2794 537 2871 qaod
554 2797 630 2854 vitia
652 2800 728 2869 ista,
754 2797 789 2854 de
810 2798 915 2873 quibos
936 2796 1078 2866 diximus,
1104 2791 1181 2851 nihii

139 2881 272 2949 curarit,
297 2897 384 2954 quom
398 2891 532 2956 prompta
544 2884 701 2938 maximam
720 2893 832 2956 partem
846 2892 923 2938 estet
940 2879 1117 2948 emendatio,
1139 2896 1179 2935 ne

138 2964 335 3021 constantiam
358 2963 474 3038 quidem
497 2975 626 3022 sectatos
646 2976 692 3022 est
713 2970 776 3025 sire
796 2985 876 3038 erni,
897 2983 971 3041 qaae
984 2967 1062 3021 eirca
1076 2959 1180 3020 ortha-

137 3043 291 3126 graphiam
306 3050 458 3121 consistit,
479 3050 542 3107 sive
558 3051 744 3121 interiorem,
765 3069 837 3127 quae
854 3054 884 3108 in
897 3051 1080 3127 singulorum
1098 3050 1181 3104 ioca·

137 3151 203 3190 rum
222 3134 428 3190 convenientia
441 3135 582 3196 cernitur.
619 3135 709 3194 Cuius
722 3138 766 3193 rei
779 3154 870 3193 naum
890 3134 997 3192 suffieit
1015 3133 1189 3208 exemplun-

137 3216 416 3275 lucaientissimam:
443 3237 510 3274 nani
528 3237 616 3294 quum
637 3240 666 3280 o.
689 3223 768 3282 870.
788 3219 842 3280 καὶ
862 3215 1015 3299 ἀργέστεω
1035 3210 1180 3300 ζεφύροιο

137 3302 262 3377 exprimi
276 3312 417 3372 curasset,
431 3314 631 3360 veruntamen
648 3305 729 3366 379.
745 3305 840 3362 dedit:
856 3300 1023 3383 ἀργέστην.
1040 3301 1177 3382 {ipepot-

135 3381 250 3464 βορέην
267 3383 566 3466 λαιψηροκίλευθον.
608 3386 709 3463 itaque
728 3389 797 3447 dum
820 3392 900 3447 cirea
921 3405 1020 3446 omnes
1044 3387 1107 3443 iere
1129 3403 1201 3444 ret*

136 3467 269 3525 codicum
281 3472 453 3526 auctoritati
467 3468 624 3548 diiigenter
641 3472 832 3544 adhaerebat,
853 3471 929 3529 haud
942 3474 1012 3544 seio,
1032 3488 1069 3528 an
1084 3487 1178 3545 pauca

135 3549 275 3624 quaedam
287 3571 323 3609 ac
338 3552 425 3612 dultia
438 3556 613 3613 recentioris
627 3557 841 3615 emendationis
856 3557 974 3629 indicia,
989 3573 1061 3631 quae
1075 3556 1107 3611 in
1119 3552 1177 3612 irae

134 3636 296 3711 exenrplari
308 3636 464 3696 observare
479 3640 558 3713 licet,
577 3640 694 3700 abdidi
708 3644 811 3700 studiis
824 3643 931 3699 merito
943 3641 1036 3717 repeti
1048 3640 1189 3716 possint..

219 3719 254 3783 3.
274 3717 395 3779 Derai
405 3724 438 3780 ie
448 3733 523 3779 tara
539 3721 729 3804 Theogoniae
744 3729 957 3804 porrectionem
968 3726 1075 3804 viginti
1087 3726 1176 3783 enuit

133 3811 201 3882 post
218 3807 371 3880 occupavit
392 3804 493 3863 Phili
502 3825 595 3882 ppos
618 3809 743 3872 iunta.
775 3811 893 3869 Prodiit
908 3810 997 3869 editio
1014 3809 1039 3867 F
1046 3812 1176 3868 iarea-

132 3890 213 3947 tiae
233 3905 262 3950 a.
279 3889 392 3962 1515,
406 3893 506 3967 paucis
520 3903 588 3965 post
602 3892 789 3954 Theocritum
806 3898 975 3974 evulgatum
989 3892 1174 3954 diebusXX.

133 3970 249 4034 Ιιιιιι.
293 3971 398 4032 Merito
415 3975 489 4032 iiber
503 3979 581 4034 inter
598 3983 765 4038 rarissimae
780 3984 812 4040 in
828 3981 986 4039 Germania
1004 3990 1085 4038 certe
1100 3977 1175 4037 Gat-
1192 4018 1195 4023 -

131 4056 226 4132 linque
239 4067 425 4132 numeratum
446 4060 522 4135 quod
536 4072 567 4117 et
579 4063 653 4122 mihi
669 4068 791 4123 muitum
805 4066 913 4138 abiait,
936 4074 966 4123 et
978 4065 1103 4124 aliarum
1119 4081 1174 4124 va·

127 4140 186 4197 rias
200 4140 412 4216 disputationes
419 4143 611 4221 praepedivit,
624 4168 653 4208 v.
661 4168 687 4206 c.
702 4147 968 4225 Valckenarii,
988 4149 1172 4224 praefatione

125 4220 284 4286 tomento
302 4228 581 4307 a.1773·seripta.
626 4233 732 4293 Veram
747 4251 838 4323 qaum!
849 4253 868 4294 a
879 4237 1033 4312 perpaucis
1045 4232 1173 4295 Hesiodi
