2626 4882
427 366 507 428 Llll.
533 367 557 425 1.
609 366 701 427 Cell'.
727 365 751 424 Ι.
1086 371 1109 435 3

58 531 179 606 quidem
203 541 264 605 ert,
294 531 493 587 coniecturum
516 532 548 586 in
572 529 636 586 cola
658 529 714 587 niti
734 545 831 586 rerum
854 532 948 606 rpecic
971 541 1104 613 externa,

57 635 119 695 nec
137 616 306 672 firmamenti
326 615 481 688 quicquam
498 613 616 671 aliunde
634 615 771 671 arcessiri
790 631 889 686 porcc:
912 615 1104 677 nihilominus

58 711 240 757 tamennon
266 696 706 774 prorcueeaabiicieudccccc
730 699 856 755 ridetur.
900 698 951 759 Sic
972 707 1047 760 cuim
1072 708 1105 763 in
1167 745 1171 753 -
1284 702 1291 714 '

58 785 152 841 rebus
172 784 301 840 obreuric
320 793 441 839 constat
464 783 500 840 cd
527 787 683 840 veritatem
706 782 862 857 aliquando
883 789 1049 859 perveniri,
1069 800 1103 846 ot

58 869 232 927 tenuiorima
245 884 374 940 puraeque
388 867 648 924 veririruilitodinic
660 868 782 941 vertigtn
796 871 909 925 curioso
919 869 1104 930 observemus
1186 918 1190 927 .

58 971 97 1010 ac
112 970 324 1029 persequamur.
359 951 464 1008 l'erum
476 964 588 1008 eertum
602 963 698 1008 taruco
712 952 784 1008 illud
799 965 854 1023 ert,
874 971 931 1008 non
945 954 1009 1011 rinc
1023 959 1104 1014 omni

57 1057 131 1094 cura
152 1039 257 1093 critica
279 1055 397 1092 carmen
418 1040 451 1094 in
470 1035 525 1093 bac
545 1036 674 1094 editione
695 1036 842 1109 prodisse:
870 1037 1103 1113 quandoquidem

57 1141 122 1179 cam
146 1140 265 1190 curam,
288 1124 451 1196 quuccirca
464 1124 537 1179 artis
555 1119 713 1195 primordia
728 1117 882 1189 haerebat,
903 1140 961 1180 nou
985 1123 1105 1183 dedocet

58 1206 207 1281 appellere
222 1209 365 1262 criticam.
409 1205 537 1282 lngcnue
553 1205 644 1262 Aldur
657 1224 692 1262 ao
708 1206 770 1260 rino
787 1206 848 1261 ullo
861 1205 956 1274 iaetu,
977 1211 1104 1283 epietola

59 1291 99 1348 cd
112 1289 145 1345 B.
159 1291 322 1348 Guariuum
343 1290 531 1364 praefationis
549 1291 613 1346 loco
634 1295 759 1363 scriptu,
780 1288 816 1346 de
837 1292 916 1347 omni
937 1309 990 1347 ruo
1006 1293 1103 1352 Grae-

57 1393 112 1433 cos
132 1375 224 1431 libror
241 1371 346 1430 edendi
359 1376 498 1432 instituto
513 1377 663 1448 exposuit:
685 1393 717 1431 ce
738 1392 797 1430 non
819 1377 949 1448 recipere
968 1379 1103 1437 emendo·

58 1471 158 1517 aarum
176 1459 285 1532 libror,
308 1458 359 1515 ced
378 1459 408 1514 id
427 1478 516 1516 unum
536 1472 704 1517 curaturum
723 1476 835 1515 cummo
854 1459 972 1529 studio,
991 1473 1023 1518 ut
1038 1465 1102 1535 ipro

58 1545 221 1616 excarplari
240 1546 444 1616 imprimantur
460 1547 664 1601 correctiorec.
707 1541 792 1599 blano
807 1562 877 1599 vcro
892 1561 989 1600 curam
1001 1556 1053 1602 cut
1070 1549 1102 1604 in

59 1647 92 1686 cc
108 1630 169 1702 ipre
182 1630 302 1701 reecpit,
322 1630 427 1701 quippe
446 1636 520 1701 crat,
540 1638 576 1685 ut
589 1627 769 1703 temporibuc
785 1627 853 1697 illia,
872 1645 977 1704 graece
992 1627 1103 1686 doctic-

60 1713 170 1780 cimuc,
190 1723 240 1768 ant
253 1712 340 1767 rimul
353 1712 518 1786 impertivit
530 1710 627 1769 docti·
645 1713 758 1784 aliquot
772 1710 862 1781 cirin,
883 1728 1005 1786 quorum
1027 1715 1103 1770 celc-

64 1808 145 1855 etam
165 1796 221 1853 cibi
236 1814 356 1852 manum
377 1799 434 1853 iam
452 1794 489 1852 ab
510 1797 597 1855 initio
615 1796 727 1872 negotii
745 1795 981 1866 consociaverat,
1001 1798 1103 1871 paucio

66 1879 173 1936 deinde
185 1888 248 1952 poet
259 1881 345 1935 annio
359 1898 464 1937 noram
479 1883 566 1938 etiam
573 1882 748 1938 academiam
756 1881 863 1956 coegit.
890 1878 926 1937 V.
935 1877 1102 1941 Renourrd.

63 1965 121 2026 dc.
140 1962 172 2020 Ἰῐ
186 1964 266 2036 ΠΙ.,
280 1981 315 2041 p·
331 1965 388 2024 34.
432 1963 486 2020 llio
502 1967 596 2043 igitur
610 1965 640 2022 id
654 1974 717 2020 erat
731 1964 873 2037 inprimis,
896 1966 1011 2039 opinor,
1032 1984 1103 2041 ope.

60 2069 113 2107 rcc
127 2048 245 2120 datum,
264 2061 298 2105 ut
315 2049 445 2106 codicem
462 2052 617 2124 scriptum,
638 2047 677 2106 ad
691 2049 774 2104 cuiue
789 2065 918 2105 uormmn
940 2049 1012 2106 liber
1026 2064 1104 2110 ccret

58 2132 267 2201 excudendus,
294 2132 330 2188 ab
350 2134 511 2190 manifestio
534 2135 719 2190 librariorum
739 2131 887 2189 erroribus
908 2133 1105 2195 vindicarent.

59 2217 179 2276 Deinde
197 2215 270 2273 illud
293 2220 406 2290 iprum,
427 2219 505 2292 qood
529 2219 606 2275 dixit
624 2216 736 2281 Aldur,
758 2215 849 2274 libror
865 2219 990 2292 imprimi
1005 2237 1104 2276 exem-

57 2304 139 2380 plari
152 2304 241 2358 etiam
258 2304 465 2374 correctiores,
488 2321 547 2358 non
566 2300 697 2358 excludit
715 2318 835 2374 prorrue
853 2302 938 2358 alium
959 2303 1105 2377 quandem

56 2405 182 2462 eamque
197 2386 353 2458 pleniorem
371 2405 469 2443 curum
483 2386 715 2443 emendatricem.
758 2383 869 2459 Nempe
884 2387 932 2442 ubi
946 2386 981 2442 dc
995 2387 1103 2444 codiaic

56 2473 228 2530 vitiositate
243 2469 416 2543 constabat,
439 2489 493 2526 nea
510 2472 633 2528 aliorum
653 2469 794 2527 librorum
813 2470 971 2526 collatione
990 2473 1104 2544 puriter

60 2556 293 2630 depravatorum
313 2556 465 2629 quicquam
479 2555 627 2612 emendari
642 2563 772 2627 poterut,
794 2554 894 2609 ederat
908 2563 1004 2611 autem
1021 2574 1104 2612 com.

58 2641 147 2698 moda
166 2639 335 2695 coniectura
358 2649 440 2714 parta
461 2640 595 2716 ingenio:
617 2657 669 2695 cur
683 2637 803 2696 tandem
819 2637 924 2695 elidum
939 2638 1104 2713 putabimur

57 2728 149 2783 ictam
170 2726 205 2780 ia
227 2732 339 2779 textum
354 2741 413 2779 non
431 2724 521 2781 iuircc
538 2735 720 2798 recepturum
736 2722 846 2798 cibique
861 2720 1015 2781 ducturum
1033 2727 1103 2784 reli·

59 2811 167 2889 gioni,
185 2806 262 2882 qood
277 2806 314 2863 ab
327 2808 396 2863 aliie
409 2808 515 2865 lactum
531 2803 733 2866 collaudareti

150 2891 314 2950 Codiccc
340 2910 447 2949 manu
476 2895 665 2967 scriptor,
698 2908 820 2966 quorum
841 2888 941 2947 Aldo
963 2888 1104 2969 Theogo.

62 2979 146 3034 niam
160 2977 258 3033 edenti
278 2976 369 3032 fuerit
391 2978 490 3049 copia,
511 2979 573 3048 ipse
590 2995 642 3050 pro
654 2995 733 3034 morc
750 2975 858 3032 cuccoli
872 2993 932 3032 non
945 2977 1104 3054 contigna-

65 3063 135 3128 vit,
157 3078 208 3115 ncc
221 3059 258 3117 ab
274 3061 329 3127 iic,
352 3063 401 3133 qui
419 3059 556 3118 l'enetiae
578 3061 718 3116 librorum
738 3056 881 3115 thesauris
906 3058 1104 3131 praefuerunt,

63 3149 219 3220 quiequam
237 3145 297 3202 suit
316 3145 503 3222 indagatum,
527 3144 602 3219 quod
619 3147 761 3221 originem
778 3142 916 3198 editionis
931 3142 1103 3201 illuctrarct.

36 3290 39 3295 ,
61 3229 172 3287 Verum
191 3232 218 3286 ci
234 3232 299 3304 quic
316 3247 377 3286 rem
397 3229 491 3287 denuo
510 3247 587 3286 nuno
604 3227 702 3285 dedita
717 3245 804 3302 opero
824 3227 984 3298 susciperet
1000 3230 1105 3302 explo-

60 3313 205 3386 randam,
226 3316 275 3370 rix
290 3330 377 3386 rpero
394 3332 508 3390 operam
525 3315 669 3372 inutiliter
685 3312 748 3368 lore
766 3312 952 3383 insumptam.
996 3311 1104 3371 Multae

60 3411 145 3457 certe
166 3415 215 3454 rer
228 3396 314 3454 babet
327 3398 487 3476 indagandi
509 3400 593 3469 riae,
613 3398 719 3471 quibus
731 3397 834 3452 saltem
850 3394 1021 3470 experiundi
1036 3415 1105 3475 gra·

63 3488 108 3542 tia
120 3492 189 3540 crat
202 3481 404 3543 iucirtendum.
447 3482 495 3539 Ex
506 3500 566 3556 quo
577 3501 684 3559 genere
698 3481 769 3537 illud
785 3489 847 3552 ert,
867 3479 945 3557 quod
960 3483 1105 3540 nemiuem

62 3568 211 3637 advertit,
231 3567 360 3624 codicem
374 3566 538 3625 Paririuum
551 3568 666 3643 regium
679 3568 800 3635 2772,
823 3567 871 3638 qui
884 3582 950 3623 cum
965 3567 1025 3624 ulia
1039 3584 1105 3625 oar·

62 3655 154 3726 ruina,
174 3662 235 3709 tum
243 3649 442 3728 Theogoniam
458 3652 667 3724 complectitur,
691 3651 759 3707 olim
774 3650 947 3726 pertinuiarc
963 3650 1000 3706 ed
1014 3649 1104 3709 Gua-

64 3740 148 3795 rini
166 3735 405 3793 Veroncnric
424 3738 643 3809 posterriouem.
680 3733 752 3792 Eius
765 3745 860 3791 autem
873 3733 951 3791 lilioc
963 3734 1023 3795 tuit
1041 3733 1103 3792 Br-

66 3826 208 3896 ptieta,
228 3820 366 3895 cuiquem
382 3819 460 3877 boue
471 3821 578 3879 librom
592 3838 658 3878 cum
675 3821 788 3895 reliqua
804 3819 1118 3896 porrectione-perra·-

66 3908 144 3965 abac
158 3907 318 3963 rcricimile
330 3916 384 3962 eat.

10 4042 12 4059 ,
149 3988 377 4066 Theogonia
396 3991 487 4046 multo
502 3998 582 4045 certe
598 3989 760 4045 accuratior
773 3989 803 4045 in
817 3984 889 4057 buc,
914 4004 999 4061 quam
1016 3987 1047 4043 in
1059 4003 1118 4042 re·-

10 4070 12 4083 '
67 4075 156 4151 liqui·
172 4074 351 4132 editionibus
370 4075 498 4148 antiquio
517 4071 636 4146 prodiit.
680 4071 748 4129 Non
766 4080 813 4129 ert
828 4072 961 4146 prolecto
975 4088 1008 4127 ee
1023 4072 1107 4128 vitii·

70 4157 286 4238 typograpbieic
308 4176 418 4230 vacca,
439 4158 492 4216 ccd
506 4159 658 4216 morionem
675 4166 771 4214 tomen
788 4166 896 4231 partem
914 4155 1024 4212 leviora
1038 4167 1125 4213 currit.

71 4244 128 4317 ilie,
146 4245 184 4304 cb
200 4245 369 4309 litterarum
386 4242 605 4303 cimilitudiucm
619 4252 672 4299 aut
685 4242 716 4300 in
731 4239 910 4298 collocandic
928 4240 1020 4317 rigni·
1037 4250 1117 4312 pro.·
