2626 4882
230 367 291 428 DE
314 359 480 429 EMEND.
502 360 729 431 THEOGON.
760 357 842 427 Lln.
865 362 889 427 1.
923 366 1014 433 CAP.
1030 370 1072 442 ΙΙ,
1125 364 1172 437 17

118 531 374 609 p-retetieuea
396 529 493 588 duae
514 529 685 605 ietinue,
716 524 809 586 nitere
830 526 1049 593 Membritii
1069 538 1167 596 rerai.

119 615 179 673 bue
197 617 374 690 eompoaita,
393 616 489 672 altero
509 615 519 671 i
527 616 657 672 neerti
675 612 864 685 auetoria,
885 617 936 689 qui
949 617 1066 696 ringula
1076 621 1166 682 rerba

122 701 152 756 ai
167 712 230 757 non
248 699 321 757 aeite
343 712 565 773 usquequaque,
582 697 709 755 fideliter
725 706 805 752 certe
819 700 973 774 expreeait,
992 719 1047 761 nee
1058 706 1166 766 mulum

120 785 245 841 omnino
261 782 389 842 eodieern
407 793 548 858 aequutne
569 791 632 851 eat3
654 779 699 839 hie
715 782 808 859 igitur
824 780 869 836 aie
882 800 952 840 uana
967 794 1013 842 eet
1025 786 1164 850 editionia

120 876 237 939 auetor,
255 877 290 925 ut
300 863 413 926 aehoiia
427 877 459 924 et
472 865 668 926 Moinhritinne
682 866 801 922 omniuo
814 880 958 939 nunquam
969 870 1166 935 emendationi

120 950 290 1024 adniterer,
310 953 433 1010 ulteraru
448 960 546 1009 auteur
562 951 831 1028 iuterpretutiouern
844 951 947 1024 peneia
961 954 1075 1032 aliquot
1090 957 1165 1018 lucia

118 1050 185 1094 eum
199 1036 303 1095 fructu
315 1037 491 1094 eouauieret.

202 1157 345 1219 Diximua
384 1150 562 1221 Aldiuuat
590 1148 839 1238 Theogoniue
869 1162 1081 1240 exemplum
1108 1163 1165 1228 hae

122 1238 251 1303 editione
264 1245 357 1304 tuisne
373 1248 538 1319 repetitutu.
580 1235 702 1302 Factum
715 1254 810 1302 eutem
822 1241 932 1303 horest
944 1252 1166 1313 tameouetanti

118 1341 150 1387 et
164 1320 279 1404 aequali
294 1322 468 1407 diligentie,
489 1339 523 1386 ut
538 1346 575 1385 ex
587 1329 702 1406 ingenti
715 1329 852 1386 uitiorum
865 1345 997 1403 nurnero,
1018 1350 1076 1409 quo
1089 1334 1165 1397 illud

118 1400 312 1487 deturpatum
332 1412 406 1484 fuit,
424 1408 477 1473 vix
493 1431 587 1488 puuen
600 1411 649 1471 hie
664 1423 798 1471 eorreeto
814 1416 1004 1488 reperiuntur.
1046 1415 1163 1479 Deinde

117 1499 209 1556 etiarn
224 1516 304 1555 nora
318 1488 460 1570 quueduur
472 1508 676 1569 accerserunt,
694 1515 767 1573 quoe
782 1495 908 1568 diutina,
926 1516 1011 1574 quotu
1023 1517 1075 1577 pur
1088 1511 1163 1578 erut,

117 1574 282 1641 editoribus
295 1582 459 1639 iiluaernut
502 1581 646 1657 Quicquid
662 1591 765 1639 eontra
778 1577 848 1638 huee
863 1579 952 1639 editio
965 1580 1053 1642 hauet
1063 1603 1163 1646 emen·

117 1662 264 1740 dationia,
283 1683 321 1723 ex
337 1667 473 1724 versione
485 1664 576 1723 latina
590 1667 684 1723 nitere
697 1662 759 1723 fere
773 1674 820 1721 eet
837 1663 1009 1723 derivatum.
1050 1664 1162 1728 vem.

117 1760 186 1829 auur
203 1746 253 1808 hie
271 1750 303 1807 iu
322 1748 462 1807 tenuibna
480 1749 599 1808 eritieae
620 1751 695 1808 artie
709 1746 894 1827 primordiia;
910 1767 1011 1809 rerum
1023 1752 1162 1825 quonian

121 1835 246 1913 egregie
261 1834 312 1891 iiia
325 1833 439 1891 ieeiunt
459 1831 497 1890 ed
520 1827 726 1893 illustrandam
744 1842 903 1907 temporum
923 1835 1048 1894 iatoruru
1068 1834 1162 1897 dirci-

119 1920 254 1997 ptiuanr,
275 1927 304 1976 et
313 1932 401 1993 quum
414 1933 452 1975 ex
466 1916 569 1978 iiaderu
584 1928 654 1977 unte
666 1919 728 1977 aiut
742 1920 854 1989 onnia,
874 1934 1060 1997 quaeeunque
1077 1930 1161 1996 poet·

116 2000 239 2061 urodunr
250 2003 466 2076 inelemernnt3
486 2020 590 2079 operue
610 2001 728 2062 ridetur
745 2003 886 2079 pretium,
906 2013 1072 2062 ueeuretum
1091 2004 1161 2063 diii.

115 2087 250 2169 gentium
267 2083 324 2145 hoe
344 2089 378 2146 in
400 2085 464 2145 loeo
485 2104 545 2145 uon
567 2086 726 2163 oeperuuri.
765 2083 899 2144 Breviter
916 2086 1010 2165 igitur
1023 2087 1162 2149 eruenda·

116 2173 215 2231 tionea
235 2168 337 2231 eddite
353 2170 614 2248 interpretatione,
634 2168 711 2230 uude
725 2169 870 2249 originem
882 2177 1046 2246 traxerunt,
1059 2189 1163 2233 reeen-

114 2256 257 2316 aebimue.

200 2378 239 2441 V.
249 2382 310 2444 49.
324 2396 377 2457 pro
391 2374 506 2445 τόσσον
519 2381 676 2458 repoaitmn
691 2389 736 2440 eat
752 2374 858 2456 donor,
878 2389 989 2460 quanto
1010 2390 1058 2440 eat
1065 2394 1162 2462 prae·
1272 2410 1278 2421 ·

115 2468 324 2525 atuatieae'aroa
337 2467 470 2526 deorum
491 2496 535 2510 -
554 2465 589 2524 V.
605 2465 683 2529 115.
698 2482 751 2538 pro
764 2460 867 2526 ἄνωθ’
887 2460 945 2540 ὅτι,
958 2464 1037 2543 qnod
1053 2485 1161 2546 magno

117 2545 359 2610 Reuehlinio
380 2552 451 2609 olim
472 2551 612 2624 impoauit
634 2548 645 2627 (
654 2569 681 2608 r.
697 2548 732 2610 P.
745 2548 834 2611 Petit.
849 2547 977 2608 Mieeeli.
992 2548 1103 2607 observ.
1119 2550 1161 2625 1,

122 2636 178 2696 18.
185 2653 224 2715 p.
245 2629 335 2718 51.),
356 2627 464 2696 εἴπαθ’
485 2628 551 2708 ὅτι,
574 2643 604 2691 et
618 2635 726 2707 dieite,
746 2634 892 2710 quodnam
905 2634 1039 2711 primurn
1054 2631 1164 2706 faerit

116 2718 250 2778 nterea.
266 2744 312 2763 -·
331 2717 368 2780 V.
387 2720 466 2782 198.
482 2734 535 2792 pto
550 2714 713 2799 xvddpera,
734 2717 811 2792 quod
826 2718 1040 2774 eonrtruetioni
1056 2718 1161 2777 eduen*

117 2801 258 2875 uebatur,
278 2798 460 2885 κυθίρειαν,
486 2800 672 2879 cytheream.
691 2823 736 2845 ⁴-
757 2800 790 2858 V·
808 2801 885 2863 199.
900 2800 943 2863 tvi
955 2796 1061 2885 πόντῳ
1080 2802 1160 2862 iudi·

118 2885 185 2944 deur
199 2887 319 2946 tranaiit
333 2889 366 2945 in
380 2885 425 2948 tot
443 2880 563 2968 κόπρῳ.
583 2917 627 2930 -
655 2884 690 2943 V.
705 2886 789 2949 213.
808 2872 834 2969 ᾧ
852 2907 911 2946 τινι
925 2895 1004 2943 reete
1017 2895 1160 2948 mutatum

120 2979 168 3027 eet
187 2973 222 3028 iu
241 2965 278 3033 ot
299 2990 374 3046 reve,
389 2988 448 3030 uon
459 2971 516 3028 elli
528 2969 740 3029 condomieue.
759 2974 802 3013 -'-
823 2968 858 3027 V.
874 2971 957 3033 228.
974 2981 1041 3045 poet
1052 2963 1159 3049 μάχας

121 3055 269 3111 innermna
282 3065 326 3113 eet
341 3049 381 3127 τ’,
395 3055 586 3134 praelioque.
628 3055 667 3111 At
679 3053 861 3112 mirationem
876 3062 974 3123 erent,
994 3053 1072 3127 quod
1094 3053 1160 3110 edi·

120 3145 173 3195 tor
188 3140 221 3196 in
235 3154 268 3197 re
282 3147 336 3198 tam
351 3140 412 3197 leti
428 3137 541 3210 haeait,
561 3155 635 3215 quoe
653 3138 744 3193 multo
760 3144 826 3212 poet
843 3135 920 3192 hund
934 3138 1034 3212 puueie
1051 3138 1082 3193 iu
1099 3137 1159 3193 ulio

119 3225 253 3300 exemplo
265 3224 364 3297 paullo
377 3224 463 3281 etium
476 3222 614 3279 deteriori
629 3239 687 3278 non
699 3231 776 3277 earet
785 3218 949 3278 offeuaioui.
969 3246 1014 3264 ····
1033 3218 1067 3277 V.
1078 3221 1159 3284 266.

119 3300 173 3386 ἧδ’
197 3324 237 3365 ex
258 3309 497 3383 interpretatione
511 3308 634 3364 nruturit
648 3307 678 3362 in
693 3299 765 3385 ἠδ’,
788 3318 959 3380 quemqnam
970 3301 1048 3379 quod
1059 3305 1162 3378 proxi-

119 3408 165 3448 nre
183 3393 294 3471 legitur
313 3386 440 3471 Zyuyet‘
463 3389 704 3458 ritioeieainrunr,
734 3397 822 3464 quum
838 3387 895 3447 hee
911 3391 961 3448 ria
984 3387 1161 3465 deprehendi

120 3491 177 3532 rou
192 3477 350 3551 putuiaeet,
367 3493 428 3532 non
443 3476 675 3533 emaculant-
690 3472 724 3529 Υ.
740 3473 821 3534 454.
831 3469 905 3552 ἰ’ρην
917 3472 1048 3531 indidem
1061 3482 1161 3531 trune·

122 3559 157 3615 iit
177 3561 210 3617 iu
227 3554 329 3641 ἥρην,
364 3576 424 3634 qno
444 3560 543 3632 fecto,
570 3561 703 3615 nitimurn
726 3557 804 3632 quod
823 3564 976 3633 supererat
993 3557 1161 3616 retuatiaai·

121 3643 414 3719 naedepraratiouia
427 3645 587 3722 vestigium
610 3643 738 3699 deletum
756 3641 825 3698 init.
868 3641 903 3699 V.
922 3639 1098 3705 Enatuth.
1118 3641 1162 3700 od

124 3724 227 3804 odyn.
244 3747 278 3807 p.
304 3728 428 3800 1564.,
449 3727 579 3804 37-aq.,
599 3727 650 3802 qni
673 3724 741 3783 hine
754 3723 841 3783 offert
861 3717 931 3807 iper.
954 3756 996 3770 -
1016 3725 1052 3783 V.
1076 3727 1158 3788 637.

121 3807 265 3891 τελευτὴν
287 3820 320 3868 et
337 3830 367 3870 v.
393 3812 476 3874 946.
493 3806 617 3894 θαλερὴ
638 3809 734 3868 demtt
754 3818 784 3866 et
805 3808 936 3870 additur
949 3811 1066 3879 littero,
1087 3809 1160 3866 derue

119 3894 295 3974 interprete,
315 3898 435 3955 nouauit
453 3895 558 3955 editor.
582 3925 620 3939 ·-
643 3895 679 3956 V.
695 3894 775 3956 964.
794 3887 926 3974 ἂλμυροὶ
945 3905 974 3951 et
992 3894 1160 3972 grummati·

120 3996 169 4037 ere
188 3983 302 4039 rationi
321 3989 353 4037 et
372 3979 614 4056 interpretationi
636 3979 789 4049 obedient,
810 3980 842 4035 in
859 3980 1039 4057 singularem
1058 3993 1161 4034 nurne-

119 4081 182 4123 ruuu
200 4064 439 4123 transformarit.
463 4095 501 4110 -
524 4062 558 4121 V.
574 4064 656 4127 973.
678 4063 729 4123 ubi
745 4065 841 4138 inepte
857 4065 887 4121 in
906 4061 1012 4121 Aldina
1032 4055 1084 4118 καὶ
1103 4054 1161 4121 οὐκ

119 4144 151 4222 ἔς
164 4155 277 4232 χεῖρας
294 4145 400 4229 ’ἵκηται
422 4147 591 4227 legebatur,
610 4166 683 4208 vere
703 4165 743 4206 ex
762 4149 920 4224 interprete
939 4144 1097 4220 repoaitnru
1116 4152 1163 4203 eat

118 4231 169 4295 aui
181 4222 221 4298 od
235 4228 263 4297 κ’
279 4232 325 4306 ἐς.
349 4262 387 4280 ··
400 4231 447 4296 V.
466 4232 591 4311 denique
605 4234 709 4300 1019.
725 4230 828 4371 eudepq
841 4240 961 4290 auetore
976 4242 1031 4306 pro
1042 4224 1163 4308 patrare
