2626 4882
448 886 720 969 cAPv'r
771 887 837 965 tv.

125 1054 300 1117 auctiva.
340 1054 544 1113 calatrava.
585 1054 828 1111 ussslsctnva
874 1054 935 1109 Eli.
954 1053 1177 1113 somnumve.

520 1155 783 1213 commatum.

131 1430 287 1512 Serere
311 1447 504 1526 Stephani
534 1468 653 1525 operam
680 1450 914 1526 perconanimua3
949 1447 1004 1507 eea
1028 1450 1181 1511 mitiuaat

129 1539 252 1612 aequtm
275 1536 327 1593 fiet
347 1535 504 1608 iudicium,
531 1536 582 1594 ubi
604 1537 740 1593 niueum
762 1555 880 1609 eorum,
914 1536 968 1609 qai
998 1538 1180 1610 proximia

128 1621 363 1698 temporibus
386 1618 589 1699 Theogoniam
612 1630 796 1693 tractarunt,
819 1619 1020 1679 conditionem
1042 1618 1082 1677 ab
1104 1620 1181 1681 enat

128 1719 214 1785 parte
229 1706 520 1765 consideraverimus.
550 1705 729 1782 Numquam
750 1708 951 1783 antiquiorum
971 1706 1183 1781 exemplarium

129 1792 212 1868 typia
229 1792 439 1867 exscriptorum
460 1793 544 1866 copia
563 1810 616 1867 per
629 1792 814 1851 Germaniam
832 1789 1016 1865 Galliamque
1029 1807 1185 1869 propemo-

131 1876 202 1937 tlum
219 1886 297 1937 eaaet
311 1877 412 1947 nulla,
433 1894 546 1933 orionem
561 1875 793 1935 emendationem
808 1877 861 1933 lati
879 1874 917 1932 ad
937 1876 1102 1937 recentium
1121 1875 1186 1937 etli-

130 1963 265 2033 tionum,
286 1978 409 2036 quarum
423 1960 509 2017 (lama
528 1970 593 2018 erat
606 1980 694 2034 naua,
716 1961 1007 2021 Baaileenaium
1023 1970 1075 2019 ιιι
1092 1956 1182 2019 Ste-

129 2044 349 2123 phanianae
365 2044 452 2103 lilcm
465 2057 551 2122 atque
569 2048 775 2105 auctoritatam
795 2047 839 2104 ita
856 2045 1043 2124 dirigebant,
1059 2052 1096 2103 ut
1110 2044 1182 2105 lieet

129 2147 252 2210 proraua
275 2133 464 2209 ignorarent,
486 2149 573 2207 quarn
593 2149 723 2207 quaeque
743 2133 885 2191 traxiaaet
907 2130 1068 2209 originem,
1085 2136 1185 2189 tamea

131 2215 273 2291 quiequid
290 2218 321 2273 in
333 2218 371 2273 iia
385 2215 520 2274 exstabat
539 2217 696 2290 lectionia,
716 2226 887 2276 reverenter
906 2217 1057 2287 colerent,
1077 2232 1116 2275 ac
1131 2232 1185 2293 pro

131 2310 215 2359 certo
237 2310 268 2359 et
292 2299 377 2358 firmo
397 2301 561 2377 acripturae
581 2321 688 2380 genero
709 2311 900 2360 oeenmereut.
953 2300 1043 2370 Quot
1066 2300 1186 2377 quidam

131 2387 244 2449 malum
270 2382 309 2443 ad
331 2404 417 2460 qnam
436 2396 562 2447 aetatem
583 2397 614 2446 et
636 2386 675 2447 ad
695 2404 770 2464 quoa
789 2387 871 2447 riroa
890 2388 1072 2464 perreptarit
1085 2402 1185 2463 atqua,

132 2471 187 2535 vix
200 2481 246 2530 eat
260 2470 408 2531 credibile.

220 2554 320 2632 ltaque
341 2565 375 2617 ut
395 2556 434 2615 ael
458 2575 560 2616 eornm
581 2567 743 2635 temporum
764 2556 934 2617 memoriam
955 2557 1055 2615 cratia
1074 2554 1189 2633 rotae,

135 2658 223 2719 quaro
245 2639 312 2699 loa.
335 2639 533 2721 Scaligeri
558 2653 590 2702 et
618 2640 840 2703 casauboni
866 2642 972 2701 etalii·
994 2639 1120 2701 floreret
1141 2660 1189 2703 aaa

134 2727 301 2798 litteraria,
331 2723 561 2806 Theogonia
581 2738 654 2787 tune
673 2730 745 2787 exili
766 2729 938 2806 diligentiae
955 2725 1188 2787 humillimorum

135 2808 318 2887 quorunuloaa
341 2813 523 2888 ingeniorum
547 2824 612 2871 erat
628 2814 742 2872 relicta.
786 2811 907 2872 Summa
919 2828 1049 2889 quaeqae
1065 2811 1188 2891 ingania

134 2896 239 2973 procul
262 2894 384 2953 aberant
405 2896 441 2953 ab
462 2896 602 2957 lleaiolei
626 2890 765 2957 carminia
789 2899 986 2974 simplicitate.
1036 2894 1187 2974 ltaqueai
1216 2902 1228 2963 :²

136 2978 254 3053 quando
277 2979 344 3039 inde
365 2991 499 3058 paterent
527 2982 713 3042 couelimente
738 3002 857 3056 reram,
884 2981 961 3041 hanel
982 2999 1053 3039 raro
1075 2998 1187 3057 paeuaa

137 3062 280 3125 dederunt
293 3069 458 3125 communia
472 3069 670 3148 negligentiae
683 3088 745 3127 nou
759 3068 925 3127 immeritor.
963 3065 1075 3144 Magno
1090 3084 1187 3127 exara·
1225 3072 1228 3077 ’

41 3150 45 3159 ’
136 3150 188 3228 plo
211 3162 257 3209 eet
279 3150 468 3229 loaoplrua
490 3151 687 3233 Scaliger,
721 3156 772 3229 qui
794 3171 959 3231 perversam
978 3152 1185 3228 exemplarium

137 3239 312 3309 teripturanr
332 3236 439 3315 illeog.
456 3240 539 3302 927.
555 3239 709 3318 indignum
725 3242 756 3297 iu
775 3238 891 3297 niodum
906 3254 1038 3296 aaaemre
1054 3235 1188 3295 atulabat

136 3319 281 3469 Ξᾱνοπευι
305 3322 329 3379 G
339 3321 534 3399 yraltluna.
575 3323 611 3383 V.
631 3333 730 3385 annot.
753 3326 796 3384 od
815 3322 1122 3401 Manilium-102·
1142 3322 1187 3383 ou

167 3416 300 3483 egenter.

224 3490 345 3567 Atque
365 3510 465 3551 eorum
487 3492 620 3569 quidem,
647 3496 697 3570 qui
720 3495 776 3551 iata
800 3502 896 3552 aetate
921 3488 1188 3570 Theogoniam

142 3577 238 3637 derruo
259 3574 426 3649 oliulcruut,
456 3581 562 3655 triplex
583 3579 645 3637 iore
670 3579 730 3637 luit
746 3597 848 3658 genna.
898 3577 1083 3650 Primum,
1112 3576 1190 3655 quod

141 3660 234 3725 verbo
248 3660 429 3747 alguilicoaae
445 3664 516 3723 tatia
532 3664 606 3737 orit,
626 3664 689 3722 aola
704 3674 803 3721 textua
822 3659 1089 3736 Stepbaniani
1106 3680 1191 3739 repe·
1209 3706 1212 3713 .

141 3748 249 3807 titione
280 3749 466 3823 continetur3
502 3751 617 3823 qualem
641 3749 797 3809 Lectiue
824 3749 939 3807 curavit
961 3766 990 3805 a.
1015 3748 1139 3811 1606.
1157 3749 1191 3807 in

144 3836 278 3913 Corpore
294 3842 459 3913 piratarum
481 3834 685 3905 Graecorum,
714 3853 751 3892 ne
775 3833 886 3891 mendic
908 3830 1023 3908 quidem
1046 3840 1191 3912 typogra-

140 3918 233 4001 pbioia
250 3934 454 3995 usquequaque
466 3930 637 3997 exemptam.
671 3917 843 3977 Alterum
856 3915 959 3974 deiude
975 3917 1062 3975 vario
1075 3918 1192 3995 quiden

141 4004 281 4065 coliturum
297 4003 397 4063 etalio
412 4005 546 4078 excellit,
566 4004 619 4063 aetl
635 4004 707 4062 illud
722 4016 819 4063 tanuen
834 4003 920 4061 habet
934 4020 1097 4076 commuue,
1113 4000 1192 4080 quad

143 4090 334 4165 axernplar
362 4092 643 4166 (iporiuianunr
673 4107 727 4164 pro
753 4088 946 4147 fundamento
977 4090 1191 4166 recognitionia
1220 4108 1224 4113 ·

141 4186 319 4253 auaamptuau
341 4176 377 4233 ab
395 4176 460 4235 latia
480 4187 533 4233 eat.
574 4172 754 4251 l'eregerunt
771 4173 921 4243 videlicet,
944 4170 1021 4248 quod
1037 4173 1193 4232 Baaileea-

142 4273 189 4320 act
200 4256 427 4337 lucboauaraat;
448 4258 498 4321 eeu
516 4260 699 4339 diligentiam
716 4278 821 4336 operae
837 4256 1032 4316 adhibuerunt
1046 4268 1076 4316 et
1092 4265 1194 4319 niuua
