2626 4882
139 338 188 410 32
402 344 461 405 DE
487 341 651 406 EMEND.
678 342 909 406 THEOGON.

139 510 241 569 dutum
261 523 325 566 eree
347 503 497 564 contendit
517 502 657 584 praefat.
675 523 711 585 p·
734 506 815 573 20„
838 521 902 563 emo
932 512 1032 564 tomen
1059 516 1177 566 oonttet

140 596 292 670 utriunque
307 609 370 650 eene
385 589 527 663 indolem,
547 600 582 648 ut
596 587 679 648 umbo
700 591 829 667 proprii:
842 599 904 647 tun
921 589 1005 649 boum
1020 593 1176 665 exeellout,

140 691 202 739 tutu
219 678 317 756 provio
339 673 525 747 eordeeennt,
545 681 599 732 out
622 675 655 732 in
677 673 885 733 medioeritntie
907 672 1043 732 dieeeueu
1063 678 1178 752 requie·

140 774 235 823 neunt·
267 758 347 820 Huee
361 758 478 818 diverto
490 760 653 834 seriptum
665 775 790 836 genere,
810 773 885 833 quoe
903 759 989 816 foeile
1002 757 1176 819 dioeeruuu·

139 857 206 922 tor,
233 843 414 920 Stephanus,
440 840 641 920 profligoudee
658 861 761 918 operte
785 844 890 902 erdore
914 854 1089 918 eorreptue,
1119 864 1177 903 noo

138 941 220 991 reeto
234 944 438 1006 usquequaque
451 926 560 984 iudicio
573 924 796 985 disterminavit.
829 924 880 984 Sie
894 926 1004 986 tenum
1018 937 1065 986 eet
1079 947 1177 1007 eoepe-

138 1029 275 1089 numero,
295 1020 330 1071 ut
351 1011 428 1069 bonu
447 1010 536 1069 Aldi
559 1012 702 1088 oeriptum
723 1012 875 1089 negleetn,
895 1013 1000 1069 molum
1021 1008 1176 1072 Trineo·

138 1096 238 1157 velli
255 1099 287 1155 lu
301 1097 439 1154 terminio
453 1095 703 1153 continuationem
717 1098 878 1170 reciperet,
899 1105 950 1153 aut
963 1114 1083 1171 prorem
1097 1099 1174 1155 illiue

142 1183 236 1241 donee
249 1182 370 1238 alteriue
384 1179 560 1254 praeferret,
586 1189 638 1237 eut
653 1178 759 1237 bonum
773 1181 835 1237 tire
850 1181 954 1238 mulum
964 1182 1007 1253 ei,
1028 1198 1104 1256 quoe
1125 1199 1179 1242 neo

139 1264 220 1343 peior
233 1274 299 1323 eret
313 1283 367 1322 nee
378 1265 490 1334 melior,
510 1273 699 1341 pootponeret
714 1274 821 1322 tumen.
863 1262 1001 1322 Contra
1020 1262 1098 1322 lruud
1107 1283 1176 1340 pou·

139 1355 181 1410 oio
200 1351 273 1409 loele
294 1347 372 1406 burm
393 1345 573 1417 'l'rineuuelli
591 1351 735 1422 eerlpmre
754 1349 888 1426 neglecte
907 1357 953 1406 ert
975 1365 1046 1424 pree
1067 1351 1175 1409 vitione

139 1435 256 1506 Aldina,
279 1434 376 1510 inepto
389 1442 441 1490 out
453 1430 590 1505 impedito
603 1434 727 1506 optimae
739 1434 922 1508 anteposito,
942 1432 1037 1490 medie
1050 1430 1175 1510 denique

138 1518 306 1598 posthabito
317 1516 436 1578 uredine.
481 1518 561 1583 (lune
577 1515 692 1592 quidem
704 1519 857 1575 muximmn
869 1526 978 1592 purtem
993 1532 1053 1575 non
1067 1516 1174 1578 iudicio

138 1602 300 1680 Stephani,
326 1601 377 1661 ned
396 1601 589 1679 negligentire
613 1618 648 1657 oe
661 1603 768 1658 uimine
784 1602 981 1677 properationi
997 1603 1175 1680 meignende

138 1708 202 1748 eme
215 1695 344 1764 opponet.
386 1685 521 1744 Ceterum
541 1701 712 1761 quemquem
729 1683 911 1743 Trinenrelli
927 1686 1075 1759 exemplar
1096 1689 1175 1745 miri·

137 1776 191 1832 line
211 1770 408 1842 collaudavit,
429 1780 526 1827 tenuen
544 1788 582 1827 ue
602 1772 745 1847 eoguorit
764 1770 879 1846 quidem
891 1787 992 1826 omnen
1007 1771 1069 1826 elur
1085 1771 1174 1830 dotet.

140 1856 296 1915 Solrolie
315 1856 392 1910 enim
416 1854 561 1911 Veneto
581 1852 813 1929 eolroliorumque
834 1856 1024 1925 lemmate,
1053 1869 1174 1927 quorun

137 1958 226 2017 euprn
252 1939 479 1996 monotrnvimuo
505 1935 692 2014 dignitatern,
726 1936 946 2012 Stephouuu
971 1947 1090 1998 tuntum
1114 1957 1172 1998 nou

137 2026 287 2104 neglexit,
309 2023 352 2080 itu
366 2029 409 2094 ut,
431 2037 520 2095 quom
536 2021 568 2076 in
579 2038 727 2078 eommum
717 2021 880 2081 librorum
894 2021 1060 2098 corruptele
1075 2041 1171 2102 eoepe-

136 2125 258 2167 nnmero
271 2107 322 2165 ille
336 2105 426 2163 bonne
440 2106 599 2181 eeripturee
612 2105 784 2183 proebeuut,
802 2108 995 2186 preriuoieneo
1013 2107 1172 2189 indiligen-

137 2196 195 2253 tiae
210 2209 278 2250 sune
293 2190 375 2247 deret
387 2206 506 2264 poenae

221 2274 371 2335 Deinde
394 2272 495 2331 illud'
485 2273 618 2350 inprimis
633 2273 789 2333 tenendum
809 2283 875 2350 eet,
901 2271 978 2350 quod
999 2290 1119 2336 eernen
1140 2278 1170 2335 in

135 2361 201 2434 ipro
213 2359 369 2437 exemplari
382 2357 519 2418 Aldiuo
532 2368 583 2417 uut
597 2362 628 2417 lu
643 2361 758 2436 uliquo,
776 2358 851 2436 quod
866 2359 904 2417 od
918 2359 992 2418 illud
1007 2370 1072 2417 eret
1086 2377 1172 2420 eoen-

135 2455 198 2502 rnte
216 2461 401 2518 expreeeum,
422 2441 458 2499 ol)
481 2440 675 2520 Stephano
697 2446 891 2520 peroeueitum
912 2453 942 2502 et
960 2443 998 2501 ud
1013 2443 1171 2504 editionem

134 2539 270 2605 purutum
282 2528 375 2587 fulmo
388 2525 513 2587 ridetur.
543 2525 793 2587 'l'rinmvellinom
804 2540 885 2586 eerte
896 2527 1002 2586 librum
1016 2531 1098 2603 prelo
1113 2547 1171 2589 noo

136 2613 270 2674 sullieeit.
313 2615 394 2682 Quae
417 2609 533 2685 quidem
554 2629 621 2686 ret,
646 2631 683 2670 ue
708 2631 822 2672 omnem
849 2611 1073 2688 disputationem
1093 2615 1173 2672 inee-

136 2707 271 2776 quentent
291 2705 402 2767 tenter,
422 2712 508 2754 exeo
525 2698 598 2754 notin
615 2698 720 2773 liquet,
741 2697 818 2774 quod
832 2711 935 2756 nerone
949 2700 1024 2755 iste:

262 2776 436 2860 Τηλέγονον
456 2776 490 2840 δ’
506 2775 602 2841 ἔκτοτε
622 2777 676 2841 ded
694 2784 815 2862 χρυσῆν
830 2777 1035 2862 Ἀφροδίτην,

134 2866 228 2943 quiin
242 2865 294 2922 illo
310 2862 384 2921 libro
404 2872 471 2940 poet
488 2876 518 2927 v.
543 2866 643 2926 1013.
660 2867 787 2924 insertus
803 2875 865 2939 eet,
883 2864 919 2922 nb
934 2863 1084 2941 Stephano
1099 2884 1170 2927 uuo-

133 2965 218 3026 quem
232 2958 482 3007 commemoratur.
524 2948 730 3007 Praetereo
749 2949 1001 3026 quomadmodum
1016 2953 1057 3008 eit
1075 2951 1171 3008 oredi-

133 3033 207 3107 bile,
227 3031 406 3108 Steplmuum
419 3032 457 3090 ed
469 3032 672 3111 emtlgundem
685 3032 885 3112 'lhoogonimn
898 3035 1055 3110 exemplari
1067 3036 1170 3093 uiliore

133 3137 169 3176 oe
192 3119 366 3193 perubiliore
392 3135 478 3174 neum
494 3117 602 3190 fuitne,
627 3136 691 3176 enm
714 3121 747 3176 in
768 3138 830 3177 rem
852 3120 1045 3193 exemplet
1064 3117 1170 3177 Buri·

134 3205 264 3259 leenre
292 3222 319 3261 u.
344 3201 464 3266 1542
480 3201 642 3260 odhllntum
656 3220 720 3259 esne
731 3218 845 3260 censeo
886 3200 1061 3260 Coniectura
1073 3216 1169 3262 nutem

133 3287 260 3345 nititur·
251 3304 282 3344 ru
295 3305 347 3359 eo,
367 3284 484 3360 quodv.
499 3287 581 3348 484
594 3286 631 3344 ub
644 3284 792 3362 Steplrnno
805 3305 865 3343 non
886 3286 1026 3390 niynlm
1047 3283 1113 3350 ἐν”
1094 3304 1174 3364 note,

133 3386 206 3446 quoe
218 3378 313 3427 tomen
329 3368 488 3428 eetAldino
505 3373 663 3443 scripturn,
684 3369 774 3427 red’
757 3395 776 3431 ο
787 3370 910 3454 (tynio
930 3367 999 3430 ἓν”
981 3391 1046 3448 oper
1060 3371 1169 3459 editum

82 3491 85 3497 ·
133 3464 195 3525 eet,
216 3453 298 3511 ouius
319 3454 350 3510 in
368 3455 602 3512 eommunionem
620 3454 723 3512 illud'
715 3474 826 3531 iprum,
848 3455 925 3532 quod
946 3454 1169 3530 dieelum,ex·

134 3540 245 3616 emplur
263 3536 392 3596 deuenit.

149 3650 152 3655 ·
217 3617 295 3677 lloo
322 3622 413 3698 lgimr
440 3623 633 3694 exemplet·
660 3639 747 3700 quum
776 3621 1010 3698 Stephanus,
1034 3642 1096 3682 non
1118 3643 1170 3684 ne·

132 3705 229 3784 gleoto
249 3703 389 3763 Aldino
410 3706 489 3780 ipen,
523 3705 562 3763 ud
589 3707 676 3764 lidum
704 3705 955 3767 Trinoovelli
977 3727 1012 3767 eo
1034 3710 1171 3785 inprimit

131 3790 256 3848 eonollio
278 3789 453 3867 contigeret,
480 3799 515 3848 ut
533 3792 769 3869 omnigenum
789 3793 995 3852 verborum
1013 3795 1170 3854 vitiori-

132 3883 252 3933 tetem
283 3873 516 3948 emendaret,
545 3886 580 3933 et
599 3877 830 3935 eommodem
857 3877 999 3953 ubique
1022 3889 1175 3938 nentem·

131 3961 227 4016 tium
248 3958 555 4036 redintegrnret,
576 3959 684 4019 neeidit
697 3978 921 4039 nonnunquam,
940 3962 1114 4039 obrepente,
1135 3971 1171 4020 ut

129 4042 179 4114 lit,
201 4041 312 4101 desidio
333 4043 364 4099 in
386 4042 524 4100 diuturno
546 4045 658 4101 umidui
674 4045 782 4104 loboris
800 4047 939 4118 decursu,
956 4056 992 4102 ut
1010 4046 1047 4104 nd
1065 4049 1169 4106 rnnlnm

130 4129 303 4205 exemplario
325 4127 372 4184 eui
392 4130 564 4202 eoripturmu
584 4131 770 4203 conniveret,
790 4143 842 4188 out
863 4151 922 4189 nnn
938 4134 1107 4205 nrrqnireret
1120 4152 1171 4190 us-

126 4225 294 4290 quequaque
311 4213 434 4272 ulterior
456 4213 614 4289 auxilium,
639 4216 811 4292 proeeertitn
835 4217 868 4275 in
889 4236 924 4275 ou
944 4235 1069 4296 genere,
1090 4215 1171 4294 quod
