2626 4882
404 1088 681 1170 capvt*
733 1097 763 1170 1.

58 1257 112 1310 nn
145 1257 441 1313 annuutiamus
470 1260 719 1315 rnnoooumn
752 1260 1032 1329 rxrruvrssnns
1065 1267 1107 1320 ru

326 1377 452 1433 ruitura
479 1344 588 1433 'rrius
611 1379 838 1436 exserturus,

444 1573 729 1587 ffi—

60 1730 310 1855 Tlreogouia
331 1778 523 1841 Hesiodea
548 1801 606 1860 quo
632 1791 761 1860 tempore
783 1800 876 1857 quove
901 1790 1019 1840 nuotoro
1045 1785 1106 1858 pri·

66 1878 146 1917 mum
166 1863 249 1921 luerit
270 1868 350 1939 typi·
370 1878 507 1941 exoratu,
536 1869 573 1926 alt
594 1869 788 1942 scriptoribus
809 1869 852 1926 rei
873 1865 1103 1944 typographicae

64 1945 193 2003 nondum
215 1950 286 2005 satio
308 1960 352 2005 eat
371 1954 563 2024 exploratum.
609 1953 745 2027 Plerique
767 1953 881 2029 quidem
900 1971 998 2009 eorum
1018 1952 1103 2013 huiur

61 2045 175 2104 quoque
192 2036 235 2089 rei
249 2033 363 2092 laudem
379 2036 485 2093 diserte
507 2038 545 2093 ad
567 2037 699 2096 Aldum
721 2037 929 2095 Munatium
952 2035 1102 2095 defernnt:

59 2133 136 2190 quae
153 2134 231 2173 nune
254 2121 425 2197 pervulgato
446 2121 561 2180 uidetur
578 2142 641 2180 esre
665 2125 773 2197 opinio.
816 2124 928 2196 Quippe
946 2125 1045 2194 paucio
1058 2137 1103 2181 ort

55 2200 198 2258 fortunae
213 2202 352 2260 benelieio
368 2224 555 2276 eoncessum,
576 2207 610 2263 de
624 2205 823 2265 huiuscemodi
842 2207 928 2262 robur
953 2209 1103 2281 quaestio·

56 2301 128 2341 nem
150 2287 313 2344 instituere.
355 2287 414 2347 Sed
442 2287 686 2363 Duruilliur‚
722 2293 771 2348 eui
793 2294 981 2365 antiquorum
1004 2309 1103 2350 exem·

55 2371 187 2444 plarium
208 2374 398 2444 plurimorum
420 2373 533 2433 ltaliam
547 2374 728 2450 Galliamque
745 2377 911 2452 peragranti
928 2378 1013 2449 oopiu
1027 2377 1102 2435 fuit·

57 2466 106 2511 aet
121 2457 217 2527 lacta,
237 2460 366 2530 primunr
387 2459 464 2534 quod
483 2464 587 2534 roiam,
610 2463 804 2534 antiquiorem
825 2459 932 2514 Aldina
952 2460 1102 2536 nignilica-

56 2545 108 2598 vit
132 2551 249 2597 exarare
264 2540 451 2619 Theogoniae
473 2544 638 2603 editionem.
680 2544 715 2602 ln
729 2544 932 2602 illiaoelloneia
948 2549 1024 2601 euim
1042 2543 1102 2602 Ol-

56 2626 281 2684 eervatiouibao
314 2627 377 2688 Vol.
404 2627 471 2697 11..
502 2627 535 2687 Τ.
560 2628 648 2704 ΙΙΙ.,
670 2648 706 2708 p·
730 2631 810 2690 319.
836 2645 923 2701 quum
943 2631 1101 2705 genuinam

54 2729 140 2768 vers.
160 2712 237 2771 107.
254 2708 365 2788 Theog.
382 2716 553 2787 scripturam
573 2726 678 2770 eontra
697 2716 790 2770 levem
806 2712 915 2769 ll'oraii
927 2711 1101 2788 dirputetio-

54 2812 128 2853 nem
146 2797 187 2851 aie
200 2809 356 2868 attereret,
369 2809 402 2853 ut
415 2807 593 2857 vetustorum
609 2800 816 2873 exemplarium
832 2796 917 2855 iidem
934 2797 1101 2868 advocaret,
1200 2813 1203 2817 ’

54 2880 186 2957 primum
204 2875 348 2953 νυκτὸς
367 2880 387 2941 d
394 2880 409 2941 ἒ
430 2880 628 2962 δνοφερῆς
649 2883 792 2961 lupi-iata
803 2881 930 2939 editione
945 2883 1006 2958 logi
1021 2881 1102 2939 adit·-

58 2967 171 3034 marit,
193 2963 297 3021 deinde
321 2966 461 3023 continuo
482 2966 605 3035 adiecit,
629 2984 710 3037 eum,
741 2984 818 3043 pune
841 2966 955 3042 vulgo
968 2969 1099 3043 prima

60 3047 219 3117 audiat,
236 3052 312 3108 nani
330 3051 431 3112 1495.
444 3051 462 3106 i.
474 3070 499 3108 e.
521 3050 691 3107 Aldinam
714 3049 851 3107 exhibere
869 3040 1099 3129 θ’ἅλμυρός.

58 3130 272 3190 Testimonium
294 3145 356 3191 tntu
375 3134 516 3192 dirertum
539 3145 603 3206 eat,
625 3144 658 3191 ut
678 3135 759 3191 nullu
779 3134 1028 3210 argumentatione
1047 3142 1100 3191 aut

52 3220 203 3277 removeri
213 3227 265 3276 aut
280 3216 427 3276 debilitari
443 3222 547 3294 poerit.
573 3221 760 3294 Quapropter
774 3217 929 3274 dolendum
945 3227 990 3274 eat
1004 3218 1100 3276 maxi·

52 3320 190 3376 mopere,
213 3302 308 3376 qnod,
329 3306 398 3361 exili
414 3311 472 3361 lata
486 3306 628 3361 termonio
646 3303 788 3361 brevitate
800 3303 894 3359 lretua
901 3346 912 3373 ,
935 3312 1101 3361 accuratum

52 3385 221 3446 Dorvilliur
235 3387 303 3445 libri
318 3388 540 3463 deroriptiouem
556 3389 714 3447 recusavit.

144 3471 227 3538 Quae
247 3489 317 3530 vero
339 3472 393 3530 heo
411 3473 546 3532 aoeordia
564 3473 719 3531 obscurata
737 3473 830 3550 mugit
848 3488 932 3546 quam
950 3471 1100 3529 illustrata

57 3565 149 3626 runt,
171 3554 276 3613 dubiae
288 3558 470 3633 aliquantum
483 3559 556 3617 luein
570 3558 720 3630 aeoipiuut
737 3575 775 3614 ex
794 3554 933 3613 Eberti
951 3572 1100 3614 eomnten-

56 3643 144 3698 tnriia
160 3639 409 3719 bibliographieit.
437 3642 555 3702 Etenim
571 3640 697 3700 Ehertua
711 3658 802 3716 quum
810 3658 844 3718 p.
855 3641 935 3702 768.
950 3660 980 3697 n.
992 3640 1098 3703 9589·

61 3723 185 3783 dixirret
205 3724 242 3781 do
261 3729 359 3800 priore
379 3725 508 3786 editione
524 3725 646 3786 Heriodi
665 3724 803 3796 lumina,
823 3741 880 3799 qua
900 3723 1023 3800 primun
1038 3724 1099 3784 ile-

61 3809 139 3868 riodi
159 3812 290 3869 earmina
309 3815 372 3871 rine
389 3813 515 3871 aliorum
530 3814 707 3884 aeriptorun
721 3811 886 3868 attentione
902 3806 1033 3869 exhibita
1049 3827 1101 3864 ea-

62 3903 145 3967 teut,
165 3906 279 3968 poetam
292 3900 352 3954 iarn
366 3907 454 3955 antea
470 3908 530 3955 tum
545 3893 705 3954 Mediolani
725 3913 752 3953 a.
770 3895 872 3957 1493.
894 3903 954 3952 tum
970 3893 1006 3950 alr
1023 3891 1097 3949 illdo

64 3994 89 4035 Ι·
110 3980 215 4042 1495.
241 3999 307 4037 rum
327 3979 486 4040 Theocrito
509 3980 619 4039 editum
640 3998 704 4039 erae
729 3980 976 4038 commemoravit.
1020 3977 1099 4043 Quae

65 4064 173 4135 qudem
188 4067 319 4124 narratio
331 4068 357 4127 ti
366 4075 504 4125 uoeurate
516 4068 679 4141 peraeriptn
690 4073 746 4139 eat,
768 4063 987 4125 Mediolanenae
1000 4078 1099 4117 exem-

67 4148 124 4218 plar
139 4151 240 4209 omnia
252 4160 354 4224 poetae
366 4154 496 4211 oarmiua
508 4151 660 4226 eompleoti
672 4147 801 4222 ridetur,
813 4165 869 4208 nee
881 4143 962 4204 aliud
975 4142 1013 4201 ab
1021 4143 1099 4210 Dor,-

69 4231 143 4292 rillio
154 4234 314 4315 aliquando
327 4234 421 4305 initae
438 4253 596 4297 uranum
610 4231 816 4374 eredibilerra
