2626 4882
200 381 262 429 χιι
570 361 896 426 PRAEFATIO..

200 529 416 618 redintegrari
432 546 529 612 posse
547 549 740 612 persuasum
756 545 815 595 cst.
868 528 937 596 Nos
963 554 1039 598 vcro
1063 536 1257 619 speciminis

120 692 133 715 2
200 634 276 702 loco
290 653 395 720 pauca
409 652 453 695 ex
469 629 531 695 hoc
541 653 662 717 genere
677 636 710 696 in
722 635 863 699 medium
880 632 1026 720 prolerre
1042 640 1114 700 ausi
1130 659 1256 705 sumus.

279 735 459 823 Pergamus
480 734 521 797 ad
544 732 703 801 altiora
730 759 813 822 quae
832 738 943 804 dicunt
959 741 1086 805 critices
1107 745 1255 828 negotia.

202 840 241 907 ln
265 839 317 904 his
336 852 411 925 post
433 850 577 902 nostram
599 839 848 925 disputationem
875 863 935 926 pro
958 857 1047 907 certo
1070 842 1150 908 illud
1168 850 1256 912 sumi

200 956 329 1033 potest,
372 939 458 1027 quod
497 939 698 1027 vulgaris
736 946 823 1009 ista
866 945 1255 1032 interpolationum

202 1047 417 1120 doctrina,
443 1065 541 1129 aqna
558 1046 624 1110 iarn
646 1044 925 1114 Membritius
940 1069 1006 1112 nun
1023 1049 1123 1138 longe
1138 1049 1256 1134 abfuit,

185 1170 300 1239 'qnam
335 1151 576 1214 recentiore
609 1150 725 1214 deinde
757 1164 864 1216 aetate
894 1153 1018 1237 primus
1051 1157 1256 1241 excogitavit

204 1254 403 1329 liniatus,
424 1266 579 1316 ornarunt
599 1255 802 1337 postmodnm
823 1254 1124 1337 Ruhnkeniur,
1149 1257 1256 1341 Hep-

204 1361 318 1433 nius,
349 1352 555 1436 wolfius,
588 1377 685 1420 nemo
711 1358 849 1445 donique
876 1380 1009 1444 prorsus
1036 1357 1168 1444 reliquit
1191 1383 1254 1424 re·

203 1461 554 1528 cantissimorrrm
590 1461 792 1543 criticorum,
824 1464 947 1526 tautum
979 1483 1045 1527 non
1080 1465 1172 1527 omni
1206 1485 1254 1528 ex

200 1579 296 1654 parte
320 1563 500 1628 deserenda
526 1578 575 1627 est
601 1577 696 1649 atque
717 1565 911 1629 damnanda.
963 1564 1085 1630 Nititur
1107 1565 1253 1650 profecto

200 1669 285 1736 haec
306 1689 384 1752 prae
405 1669 523 1730 ceteris
541 1668 576 1729 in
591 1687 651 1749 ao,
672 1670 759 1753 quod
783 1671 927 1755 insignia
948 1668 1045 1733 lrodio
1066 1682 1251 1754 comparent

201 1776 239 1836 in
265 1770 462 1856 Theogonia
489 1767 705 1855 eloquutionis
735 1774 832 1836 vitia:
871 1770 939 1836 alia
968 1773 1056 1836 enim
1083 1770 1249 1837 abundant

202 1871 355 1939 affluente
379 1884 446 1935 tum
470 1875 630 1937 sermonis
653 1885 721 1936 tum
751 1877 945 1940 narrationis
975 1874 1139 1940 ubertate:
1183 1873 1253 1939 alia

202 1979 335 2042 uuicta
361 1975 443 2039 adeo
466 1986 541 2037 sunt
560 1989 593 2039 et
615 1990 798 2053 contracta,
826 1993 859 2042 ut
881 1980 940 2043 vix
962 1981 1128 2066 quicquam
1145 1980 1253 2062 possit

202 2080 335 2147 exilius.
387 2075 485 2142 Talia
506 2079 654 2164 equidem
676 2078 775 2166 longe
797 2078 912 2146 absum
928 2085 1005 2167 quin
1021 2084 1137 2168 negem
1152 2084 1253 2165 perti-

202 2186 337 2250 nacius:
358 2203 469 2245 remur
489 2203 682 2267 quamquam
704 2197 898 2260 cerasum,
925 2185 1126 2251 comentariu
1142 2196 1252 2248 tamen

203 2307 271 2353 non
290 2306 364 2350 esse
378 2284 481 2361 duco,
504 2305 587 2369 quae
601 2286 677 2349 inda
693 2287 907 2372 disputantur.

279 2389 409 2454 Etenim
429 2388 603 2453 tenendum
629 2392 767 2475 primum
789 2389 871 2454 illud
893 2403 962 2469 est,
994 2388 1078 2476 quod
1094 2387 1254 2475 probatis·

202 2495 281 2559 simi
303 2493 504 2578 antiquitatis
526 2506 673 2558 auctores
695 2492 864 2579 aequalem
886 2496 922 2557 in
945 2493 1007 2558 hoe
1023 2496 1166 2557 carmine
1184 2513 1252 2555 ser·

203 2598 312 2664 aronis
334 2609 367 2659 et
388 2593 607 2681 eloquutionis
637 2599 768 2662 modum
802 2613 834 2662 et
862 2610 1055 2661 attestantur
1078 2596 1199 2660 diserte
1221 2609 1255 2659 et

202 2698 354 2766 laudibus
368 2701 467 2762 etium
481 2700 707 2765 condecorant.
749 2698 864 2785 Atqui
881 2722 952 2764 eum
970 2721 1067 2785 quam
1083 2720 1143 2763 nos
1159 2720 1254 2762 usur·

203 2825 320 2891 pomus
346 2800 573 2888 Theogoniam
597 2802 659 2868 hoc
673 2806 803 2868 nomine
817 2802 1014 2868 laudandam
1030 2822 1104 2866 esse
1122 2817 1255 2867 conten·

204 2909 278 2987 dat,
301 2907 439 2969 inveniri
459 2926 556 2989 posse
576 2919 655 2991 puto
679 2909 851 2970 nemiuem.
880 2926 883 2931 ·
903 2907 991 2991 Ergo
1017 2902 1059 2968 ab
1084 2902 1150 2967 illis
1172 2903 1253 2966 inde

204 3005 404 3095 temporibus
418 3023 472 3072 ant
487 3011 665 3074 accessisse
680 3007 834 3074 nonnulla
859 3007 900 3072 ab
923 3008 1119 3094 reliquorum
1139 3020 1254 3070 tenore

188 3114 420 3198 ⁸discrepantia
441 3126 496 3175 aut
519 3127 685 3179 exsectam
709 3114 868 3180 interdum
892 3135 965 3179 esse
983 3112 1139 3177 orationis
1155 3106 1252 3173 uber·

205 3230 303 3283 tatem
318 3217 552 3282 consectarium
570 3232 629 3281 est.

273 3318 402 3383 Deinde
426 3340 570 3383 summae
592 3323 627 3384 in
655 3320 718 3385 hac
741 3340 840 3382 causa
863 3319 1063 3383 auctoritatis
1084 3314 1165 3379 illud
1190 3327 1254 3392 est,

204 3423 290 3509 qnod
305 3423 529 3487 recentissima
544 3426 702 3487 memoria
723 3423 765 3487 ad
785 3423 919 3487 eandem
936 3421 1132 3485 sententiam
1154 3439 1253 3481 exor-

204 3526 345 3589 nandam
371 3546 476 3590 novos
499 3525 643 3591 adiectos
666 3527 770 3592 luisse
794 3546 909 3590 versus
937 3523 1023 3590 clare
1052 3522 1254 3585 demonstra·

203 3632 320 3694 simus.

282 3730 421 3795 Constat
453 3728 532 3794 vero
565 3733 686 3797 diserto
718 3733 882 3797 Isidori
918 3728 1123 3803 testimonio,
1168 3723 1255 3809 quod

206 3832 318 3900 multis
341 3836 635 3919 antiquissimorum
658 3851 826 3921 poetarum
848 3832 1011 3919 exemplis
1028 3827 1108 3894 olim
1126 3829 1161 3892 in
1177 3848 1254 3890 ean-

207 3939 279 4004 dem
298 3939 492 4004 sententiam
509 3937 654 4023 duplices
669 3938 855 4006 ferebantur
872 3957 1004 4010 versus3
1026 3953 1164 4017 quorum
1180 3934 1251 4015 qui·

205 4043 276 4106 dem
292 4044 450 4129 originem
466 4064 504 4106 ac
519 4042 707 4128 dignitatem
725 4058 835 4109 nostra
856 4054 960 4105 aetate
984 4059 1080 4102 neruo
1099 4037 1159 4098 erit
1174 4037 1252 4116 quin

204 4145 301 4211 facile
324 4147 498 4232 pervideat.
550 4148 720 4214 Eiusmodi
737 4150 836 4236 igitur
852 4145 934 4211 locis
957 4138 1176 4209 Alexandrini
1191 4139 1251 4201 crt-
