2626 4882
198 388 257 434 xrv
568 373 884 436 PRAEFATIO.

197 537 410 628 Theogoniae
431 541 588 620 formam,
615 562 696 627 quae
713 546 894 608 criticorum
912 551 1094 608 nostrorum
1109 566 1247 615 acumen

198 649 315 712 mirum
336 648 369 710 in
390 645 522 710 modum
541 649 742 710 exercitavit.

276 747 448 813 Soriore
471 761 820 835 astate-quamquam
838 752 1053 815 intentissimo
1069 753 1244 819 urrrltorum

196 874 274 919 cura
297 855 431 917 carmini
456 865 525 915 erat
548 852 725 932 destinata,
753 855 809 916 vix
834 873 938 937 pauca
960 868 1069 918 tamen
1091 858 1246 944 indagari

194 969 334 1043 possunt
360 956 545 1042 graviorum
569 958 1002 1040 mutationum-specimina,
1041 979 1123 1045 quas
1149 976 1245 1044 post

189 1057 412 1126 'saeculum
439 1057 640 1124 decimum
666 1079 820 1144 procusos
835 1061 938 1124 luisse
955 1073 1090 1126 constet.
1133 1060 1245 1128 Maxi·

194 1184 282 1228 mum
298 1164 384 1226 enim
404 1177 530 1248 partem
552 1175 619 1225 tum
635 1163 837 1249 grammatici
851 1174 920 1226 tum
934 1160 1060 1228 librarii
1079 1167 1245 1232 continue-

194 1279 268 1331 runt
287 1285 360 1330 sese
375 1267 409 1329 in
426 1286 484 1347 eo,
508 1277 545 1328 ut
567 1264 697 1352 singula
711 1266 868 1352 quaedam
888 1281 1005 1352 poetae
1028 1266 1129 1333 verba
1151 1290 1243 1334 cura·
1307 1320 1311 1324 .

193 1383 285 1446 rent,
316 1380 466 1453 corrupta
487 1380 646 1455 utcunque
666 1370 882 1456 castigarent,
916 1373 1075 1457 castigata
1098 1392 1242 1437 corrum-

191 1487 318 1560 perent.
365 1466 505 1557 ¹Quippe
525 1469 654 1536 abunde
677 1493 697 1536 a
723 1470 819 1536 nobis
835 1471 1122 1556 estillustratum,
1153 1477 1241 1562 quod

193 1579 331 1641 omuis
357 1576 545 1640 codicum
575 1575 884 1661 discrepantia,
922 1579 1084 1663 paucis·
1107 1599 1242 1643 exem·

191 1678 278 1766 plis
304 1681 521 1763 exceptis,
564 1692 644 1743 tum
671 1677 876 1763 Byzantii
898 1695 996 1765 post
1021 1679 1235 1746 soeculum

192 1801 343 1847 nonum
375 1795 458 1845 tum
491 1783 532 1844 in
566 1778 697 1844 ltalia
729 1785 912 1847 maxime
945 1784 1041 1849 iuda
1075 1781 1236 1849 att-sas

85 1944 88 1949 ,
192 1883 287 1951 culo
321 1895 472 1970 quarto
503 1883 661 1948 decimo
695 1887 834 1948 variis
870 1889 1238 1972 grammaticorum

192 1986 355 2054 studiis
392 1984 612 2071 paullatim
637 1999 765 2051 onata
790 2002 871 2052 est:
917 1992 1023 2054 itaut
1050 1987 1237 2074 aliquando,

191 2090 250 2157 ubi
270 2088 364 2177 plura
386 2088 507 2155 collata
529 2102 622 2153 erunt
638 2092 791 2155 carminis
808 2091 1027 2176 exemplaria,
1052 2095 1237 2158 continuam

189 2195 353 2282 quandam
376 2195 492 2257 seriem
516 2195 744 2258 recensionum·
759 2192 1237 2282 abgrammaticisnovissimis

189 2311 448 2384 comparaturum
463 2300 588 2380 aperire
604 2295 715 2362 liceat.

264 2399 381 2466 Haec
400 2402 429 2463 si
454 2419 530 2464 vere
552 2401 716 2485 disputata
739 2414 832 2482 sumt,
858 2402 961 2467 critici
976 2404 1080 2467 nostri
1101 2405 1237 2468 inomni

185 2524 289 2592 prope
303 2504 485 2591 castigandi
501 2504 757 2591 entendandique
772 2507 907 2593 negotio
923 2490 969 2569 alt
981 2520 1069 2572 recta
1085 2508 1139 2571 via
1154 2506 1237 2570 mul·

186 2622 256 2674 tum
273 2607 484 2673 deflexerunt.
938 2634 941 2641 ·

262 2706 347 2776 Nam
363 2714 466 2797 prim
477 2732 496 2774 n
506 2730 537 2774 m
553 2711 639 2799 qnod
653 2730 726 2776 eam
741 2712 855 2776 attinet
869 2731 988 2796 operae
1002 2726 1135 2797 partem,
1150 2734 1235 2799 quue

186 2814 517 2900 incastigatus
542 2829 694 2899 poetae
716 2811 1233 2899 vorbisoocupatoest,exem·

184 2915 291 3004 pluria
304 2920 488 3003 nuperrime
503 2918 608 2998 edita,
633 2918 760 2983 etiamsi
780 2937 868 2981 vano
889 2926 1109 2984 recensionem
1131 2939 1232 2982 nova·

184 3040 257 3086 rurn
271 3023 403 3086 nornine
416 3019 612 3109 glorientur,
638 3023 785 3107 protinus
799 3018 1020 3106 relinquamus
1035 3036 1067 3085 et
1082 3021 1122 3089 ad
1140 3035 1231 3085 vetu-

185 3126 334 3190 stissima
349 3138 416 3190 tum
429 3128 515 3211 typis
530 3127 564 3189 in
585 3123 682 3190 ltalia
704 3128 843 3211 primum
858 3127 1023 3210 exscripta
1044 3137 1112 3189 tum
1135 3145 1230 3189 rnanu

182 3241 323 3294 'exarata
347 3227 467 3316 ubique
492 3229 714 3316 regrediamur
734 3248 870 3292 necesse
889 3241 950 3292 ost.
973 3263 1023 3277 —-
1048 3227 1101 3292 De
1120 3227 1230 3294 codi-

184 3351 274 3396 cum
298 3332 386 3396 fids
413 3345 455 3396 ot
479 3334 741 3396 auctoritate
774 3350 969 3417 quamquam
991 3345 1122 3416 propter
1146 3351 1232 3394 sum·

114 3499 115 3503 ,
182 3454 269 3498 mam
286 3437 482 3519 paucitatem
499 3454 630 3515 eorum,
653 3436 708 3522 qui
730 3433 880 3499 accurata
899 3437 1064 3498 iam'sunt
1085 3436 1229 3514 excussi,

182 3539 327 3602 nondum
359 3550 494 3623 possunt
519 3551 667 3602 accurata
687 3535 828 3604 describi
853 3539 981 3617 omnia,
1012 3534 1093 3600 illud
1119 3551 1230 3600 tamen

183 3638 344 3705 affirmare
356 3640 434 3705 licet
448 3643 647 3722 certissime,
672 3642 757 3727 quod
779 3661 909 3704 carmen
929 3652 1144 3727 propagatum
1161 3637 1231 3703 illis

183 3757 233 3811 cst
248 3759 281 3809 et
296 3742 406 3808 multis
419 3745 524 3808 modis
540 3747 692 3810 vitiosum
707 3758 739 3809 et
753 3741 794 3808 ab
808 3744 1001 3830 integritatis
1015 3742 1113 3806 laude
1127 3761 1230 3806 unum

182 3850 325 3913 omnium
345 3849 609 3914 remotissimum.
632 3884 683 3898 --
709 3844 870 3924 Quocirca
891 3866 930 3909 aa
952 3859 1075 3910 tantum
1093 3847 1231 3932 scriptu·

180 3973 237 4015 rao
259 3973 380 4038 genera
409 3973 491 4037 quao
517 3949 782 4036 locupletissimis
811 3953 1000 4035 scriptorum
1026 3952 1231 4033 antiquorum

180 4057 377 4120 testimoniis
400 4053 545 4119 stabilire
568 4054 660 4132 licet,
694 4053 823 4141 plenam
850 4066 883 4116 et
906 4049 1087 4116 absolutam
1108 4049 1230 4114 habere

179 4171 316 4247 possunt
335 4159 444 4225 fidem.
494 4157 631 4244 Reliqua
646 4161 756 4225 omnia
770 4157 845 4224 licet
867 4158 1060 4222 seutentiam
1084 4174 1231 4240 compra-
