<?xml version="1.0" encoding="UTF-8"?>
<!DOCTYPE html PUBLIC "-//W3C//DTD XHTML 1.0 Transitional//EN"
    "http://www.w3.org/TR/xhtml1/DTD/xhtml1-transitional.dtd">
<html xmlns="http://www.w3.org/1999/xhtml" xml:lang="en" lang="en">
 <head>
  <title>
</title>
<meta http-equiv="Content-Type" content="text/html;charset=utf-8" />
  <meta name='ocr-system' content='tesseract 3.04.00' />
  <meta name='ocr-capabilities' content='ocr_page ocr_carea ocr_par ocr_line ocrx_word'/>
</head>
<body>
  <div class='ocr_page' id='page_1' title='image "./deemendationeth00mtgoog_0016.png"; bbox 0 0 2626 4882; ppageno 0'>
   <div class='ocr_carea' id='block_1_1' title="bbox 459 350 1150 416">
    <p class='ocr_par' dir='ltr' id='par_1_1' title="bbox 459 350 1150 416">
     <span class='ocr_line' id='line_1_1' title="bbox 459 350 1150 416; baseline -0.001 -2"><span class='ocrx_word' id='word_1_1' title='bbox 459 350 783 416; x_wconf 74' lang='lat' dir='ltr'><strong>PRAEFATIO.</strong></span> <span class='ocrx_word' id='word_1_2' title='bbox 1114 369 1150 413; x_wconf 75' lang='grc' dir='ltr'><strong>ιι</strong></span> 
     </span>
    </p>
   </div>
   <div class='ocr_carea' id='block_1_2' title="bbox 92 515 1148 709">
    <p class='ocr_par' dir='ltr' id='par_1_2' title="bbox 92 515 1148 709">
     <span class='ocr_line' id='line_1_2' title="bbox 92 515 1148 605; baseline -0.001 -18"><span class='ocrx_word' id='word_1_3' title='bbox 92 516 559 602; x_wconf 81' lang='lat' dir='ltr'><strong>xandrinaprodisse</strong></span> <span class='ocrx_word' id='word_1_4' title='bbox 594 515 821 605; x_wconf 73' lang='lat' dir='ltr'><strong>probabile</strong></span> <span class='ocrx_word' id='word_1_5' title='bbox 862 533 945 595; x_wconf 89' lang='lat' dir='ltr'><strong>est,</strong></span> <span class='ocrx_word' id='word_1_6' title='bbox 997 517 1040 589; x_wconf 91' lang='lat' dir='ltr'><strong>ab</strong></span> <span class='ocrx_word' id='word_1_7' title='bbox 1079 516 1148 587; x_wconf 91' lang='lat' dir='ltr'><strong>lllls</strong></span> 
     </span>
     <span class='ocr_line' id='line_1_3' title="bbox 95 618 1148 709; baseline 0.005 -21"><span class='ocrx_word' id='word_1_8' title='bbox 95 643 220 708; x_wconf 84' lang='lat' dir='ltr'><strong>magna</strong></span> <span class='ocrx_word' id='word_1_9' title='bbox 240 643 284 686; x_wconf 86' lang='lat' dir='ltr'><strong>ex</strong></span> <span class='ocrx_word' id='word_1_10' title='bbox 302 633 396 706; x_wconf 89' lang='lat' dir='ltr'><strong>parte</strong></span> <span class='ocrx_word' id='word_1_11' title='bbox 412 618 496 685; x_wconf 85' lang='lat' dir='ltr'><strong>nibil</strong></span> <span class='ocrx_word' id='word_1_12' title='bbox 510 620 705 709; x_wconf 78' lang='lat' dir='ltr'><strong>discrepant.</strong></span> <span class='ocrx_word' id='word_1_13' title='bbox 756 619 863 698; x_wconf 82' lang='lat' dir='ltr'><strong>Quam</strong></span> <span class='ocrx_word' id='word_1_14' title='bbox 877 625 910 688; x_wconf 85' lang='lat' dir='ltr'><strong>lu</strong></span> <span class='ocrx_word' id='word_1_15' title='bbox 924 645 993 691; x_wconf 87' lang='lat' dir='ltr'><strong>rem</strong></span> <span class='ocrx_word' id='word_1_16' title='bbox 1008 627 1148 708; x_wconf 66' lang='lat' dir='ltr'><strong>priunum</strong></span> 
     </span>
    </p>
   </div>
   <div class='ocr_carea' id='block_1_3' title="bbox 94 721 1286 814">
    <p class='ocr_par' dir='ltr' id='par_1_3' title="bbox 94 721 1286 814">
     <span class='ocr_line' id='line_1_4' title="bbox 94 721 1286 814; baseline 0.004 -24"><span class='ocrx_word' id='word_1_17' title='bbox 94 723 257 814; x_wconf 87' lang='lat' dir='ltr'><strong>permulta</strong></span> <span class='ocrx_word' id='word_1_18' title='bbox 279 721 389 789; x_wconf 86' lang='lat' dir='ltr'><strong>valent</strong></span> <span class='ocrx_word' id='word_1_19' title='bbox 410 725 603 808; x_wconf 86' lang='lat' dir='ltr'><strong>scriptorum</strong></span> <span class='ocrx_word' id='word_1_20' title='bbox 623 726 834 792; x_wconf 86' lang='lat' dir='ltr'><strong>documenta:</strong></span> <span class='ocrx_word' id='word_1_21' title='bbox 869 727 987 791; x_wconf 86' lang='lat' dir='ltr'><strong>deinde</strong></span> <span class='ocrx_word' id='word_1_22' title='bbox 1013 725 1071 792; x_wconf 90' lang='lat' dir='ltr'><strong>nbi</strong></span> <span class='ocrx_word' id='word_1_23' title='bbox 1092 728 1149 795; x_wconf 88' lang='lat' dir='ltr'><strong>ds·</strong></span> <span class='ocrx_word' id='word_1_24' title='bbox 1284 726 1286 731; x_wconf 74' lang='grc'><strong>’</strong></span> 
     </span>
    </p>
   </div>
   <div class='ocr_carea' id='block_1_4' title="bbox 92 825 1149 1429">
    <p class='ocr_par' dir='ltr' id='par_1_4' title="bbox 92 825 1149 1429">
     <span class='ocr_line' id='line_1_5' title="bbox 94 825 1148 918; baseline 0.002 -23"><span class='ocrx_word' id='word_1_25' title='bbox 94 829 227 908; x_wconf 81' lang='lat' dir='ltr'><strong>ficiunt,</strong></span> <span class='ocrx_word' id='word_1_26' title='bbox 263 828 382 912; x_wconf 86' lang='lat' dir='ltr'><strong>partim</strong></span> <span class='ocrx_word' id='word_1_27' title='bbox 421 825 598 911; x_wconf 86' lang='lat' dir='ltr'><strong>opituletur</strong></span> <span class='ocrx_word' id='word_1_28' title='bbox 633 825 815 895; x_wconf 83' lang='lat' dir='ltr'><strong>fabularum</strong></span> <span class='ocrx_word' id='word_1_29' title='bbox 852 832 1148 918; x_wconf 76' lang='lat' dir='ltr'><strong>cogitationumque</strong></span> 
     </span>
     <span class='ocr_line' id='line_1_6' title="bbox 96 932 1148 1019; baseline 0.003 -22"><span class='ocrx_word' id='word_1_30' title='bbox 96 954 223 1011; x_wconf 86' lang='lat' dir='ltr'><strong>nexus,</strong></span> <span class='ocrx_word' id='word_1_31' title='bbox 245 932 365 1015; x_wconf 88' lang='lat' dir='ltr'><strong>partim</strong></span> <span class='ocrx_word' id='word_1_32' title='bbox 378 932 699 1015; x_wconf 85' lang='lat' dir='ltr'><strong>praetermittendum</strong></span> <span class='ocrx_word' id='word_1_33' title='bbox 713 952 779 997; x_wconf 92' lang='lat' dir='ltr'><strong>non</strong></span> <span class='ocrx_word' id='word_1_34' title='bbox 796 945 865 1011; x_wconf 85' lang='lat' dir='ltr'><strong>est,</strong></span> <span class='ocrx_word' id='word_1_35' title='bbox 880 934 971 1019; x_wconf 65' lang='lat' dir='ltr'><strong>{quod</strong></span> <span class='ocrx_word' id='word_1_36' title='bbox 987 955 1047 999; x_wconf 89' lang='lat' dir='ltr'><strong>nec</strong></span> <span class='ocrx_word' id='word_1_37' title='bbox 1062 955 1148 1000; x_wconf 88' lang='lat' dir='ltr'><strong>sem·</strong></span> 
     </span>
     <span class='ocr_line' id='line_1_7' title="bbox 92 1032 1149 1123; baseline 0.002 -23"><span class='ocrx_word' id='word_1_38' title='bbox 92 1057 153 1123; x_wconf 88' lang='lat' dir='ltr'><strong>per</strong></span> <span class='ocrx_word' id='word_1_39' title='bbox 167 1039 254 1099; x_wconf 90' lang='lat' dir='ltr'><strong>inter</strong></span> <span class='ocrx_word' id='word_1_40' title='bbox 273 1045 402 1099; x_wconf 85' lang='lat' dir='ltr'><strong>veteres</strong></span> <span class='ocrx_word' id='word_1_41' title='bbox 419 1053 541 1121; x_wconf 84' lang='lat' dir='ltr'><strong>magns</strong></span> <span class='ocrx_word' id='word_1_42' title='bbox 562 1032 697 1122; x_wconf 78' lang='lat' dir='ltr'><strong>rigebat</strong></span> <span class='ocrx_word' id='word_1_43' title='bbox 718 1033 905 1101; x_wconf 73' lang='lat' dir='ltr'><strong>{denodans</strong></span> <span class='ocrx_word' id='word_1_44' title='bbox 925 1058 1067 1122; x_wconf 78' lang='lat' dir='ltr'><strong>poesem</strong></span> <span class='ocrx_word' id='word_1_45' title='bbox 1092 1059 1149 1102; x_wconf 85' lang='lat' dir='ltr'><strong>ae·</strong></span> 
     </span>
     <span class='ocr_line' id='line_1_8' title="bbox 94 1136 1149 1226; baseline 0.002 -23"><span class='ocrx_word' id='word_1_46' title='bbox 94 1140 243 1204; x_wconf 87' lang='lat' dir='ltr'><strong>stimatio</strong></span> <span class='ocrx_word' id='word_1_47' title='bbox 256 1137 474 1225; x_wconf 75' lang='lat' dir='ltr'><strong>carminisque</strong></span> <span class='ocrx_word' id='word_1_48' title='bbox 489 1139 649 1214; x_wconf 83' lang='lat' dir='ltr'><strong>stodiam,</strong></span> <span class='ocrx_word' id='word_1_49' title='bbox 660 1149 693 1202; x_wconf 89' lang='lat' dir='ltr'><strong>et</strong></span> <span class='ocrx_word' id='word_1_50' title='bbox 708 1136 811 1203; x_wconf 82' lang='lat' dir='ltr'><strong>molta</strong></span> <span class='ocrx_word' id='word_1_51' title='bbox 825 1141 1014 1205; x_wconf 85' lang='lat' dir='ltr'><strong>interierunt</strong></span> <span class='ocrx_word' id='word_1_52' title='bbox 1027 1141 1149 1226; x_wconf 86' lang='lat' dir='ltr'><strong>scripta</strong></span> 
     </span>
     <span class='ocr_line' id='line_1_9' title="bbox 93 1238 1148 1328; baseline 0.005 -23"><span class='ocrx_word' id='word_1_53' title='bbox 93 1241 398 1328; x_wconf 85' lang='lat' dir='ltr'><strong>praestantissima,</strong></span> <span class='ocrx_word' id='word_1_54' title='bbox 423 1260 466 1304; x_wconf 86' lang='lat' dir='ltr'><strong>es</strong></span> <span class='ocrx_word' id='word_1_55' title='bbox 489 1238 606 1326; x_wconf 87' lang='lat' dir='ltr'><strong>quibus</strong></span> <span class='ocrx_word' id='word_1_56' title='bbox 625 1243 885 1309; x_wconf 69' lang='lat' dir='ltr'><strong>testimoniorum</strong></span> <span class='ocrx_word' id='word_1_57' title='bbox 899 1245 995 1328; x_wconf 83' lang='lat' dir='ltr'><strong>copie</strong></span> <span class='ocrx_word' id='word_1_58' title='bbox 1010 1241 1148 1310; x_wconf 89' lang='lat' dir='ltr'><strong>multum</strong></span> 
     </span>
     <span class='ocr_line' id='line_1_10' title="bbox 92 1341 597 1429; baseline -0.002 -19"><span class='ocrx_word' id='word_1_59' title='bbox 92 1348 193 1410; x_wconf 85' lang='lat' dir='ltr'><strong>etiarn</strong></span> <span class='ocrx_word' id='word_1_60' title='bbox 210 1341 411 1408; x_wconf 84' lang='lat' dir='ltr'><strong>accumulari</strong></span> <span class='ocrx_word' id='word_1_61' title='bbox 425 1346 597 1429; x_wconf 87' lang='lat' dir='ltr'><strong>potuisset.</strong></span> 
     </span>
    </p>
   </div>
   <div class='ocr_carea' id='block_1_5' title="bbox 171 1477 1146 1559">
    <p class='ocr_par' dir='ltr' id='par_1_5' title="bbox 171 1477 1146 1559">
     <span class='ocr_line' id='line_1_11' title="bbox 171 1477 1146 1559; baseline 0.005 -17"><span class='ocrx_word' id='word_1_62' title='bbox 171 1477 299 1542; x_wconf 88' lang='lat' dir='ltr'><strong>Verum</strong></span> <span class='ocrx_word' id='word_1_63' title='bbox 323 1478 501 1543; x_wconf 85' lang='lat' dir='ltr'><strong>cavendum</strong></span> <span class='ocrx_word' id='word_1_64' title='bbox 527 1491 636 1542; x_wconf 84' lang='lat' dir='ltr'><strong>tomen</strong></span> <span class='ocrx_word' id='word_1_65' title='bbox 653 1479 736 1559; x_wconf 15' lang='lat' dir='ltr'><strong>perit,</strong></span> <span class='ocrx_word' id='word_1_66' title='bbox 762 1498 805 1543; x_wconf 86' lang='lat' dir='ltr'><strong>ne</strong></span> <span class='ocrx_word' id='word_1_67' title='bbox 825 1480 922 1544; x_wconf 88' lang='lat' dir='ltr'><strong>nirnis</strong></span> <span class='ocrx_word' id='word_1_68' title='bbox 943 1478 1074 1545; x_wconf 77' lang='lat' dir='ltr'><strong>facilem</strong></span> <span class='ocrx_word' id='word_1_69' title='bbox 1096 1479 1146 1547; x_wconf 87' lang='lat' dir='ltr'><strong>lo·</strong></span> 
     </span>
    </p>
   </div>
   <div class='ocr_carea' id='block_1_6' title="bbox 96 1578 1277 1670">
    <p class='ocr_par' dir='ltr' id='par_1_6' title="bbox 96 1578 1277 1670">
     <span class='ocr_line' id='line_1_12' title="bbox 96 1578 1277 1670; baseline 0.004 -24"><span class='ocrx_word' id='word_1_70' title='bbox 96 1580 322 1667; x_wconf 87' lang='lat' dir='ltr'><strong>cupletemqoe</strong></span> <span class='ocrx_word' id='word_1_71' title='bbox 352 1578 596 1667; x_wconf 86' lang='lat' dir='ltr'><strong>exemplaribus</strong></span> <span class='ocrx_word' id='word_1_72' title='bbox 630 1583 752 1646; x_wconf 86' lang='lat' dir='ltr'><strong>nostris</strong></span> <span class='ocrx_word' id='word_1_73' title='bbox 785 1583 1001 1670; x_wconf 85' lang='lat' dir='ltr'><strong>adiungamus</strong></span> <span class='ocrx_word' id='word_1_74' title='bbox 1024 1583 1144 1650; x_wconf 77' lang='lat' dir='ltr'><strong>fidem:</strong></span> <span class='ocrx_word' id='word_1_75' title='bbox 1270 1640 1277 1651; x_wconf 93' lang='lat'>.</span> 
     </span>
    </p>
   </div>
   <div class='ocr_carea' id='block_1_7' title="bbox 96 1681 1147 2162">
    <p class='ocr_par' dir='ltr' id='par_1_7' title="bbox 96 1681 1147 2162">
     <span class='ocr_line' id='line_1_13' title="bbox 96 1681 1147 1771; baseline 0.005 -24"><span class='ocrx_word' id='word_1_76' title='bbox 96 1706 174 1748; x_wconf 90' lang='lat' dir='ltr'><strong>nam</strong></span> <span class='ocrx_word' id='word_1_77' title='bbox 206 1704 254 1748; x_wconf 86' lang='lat' dir='ltr'><strong>ex</strong></span> <span class='ocrx_word' id='word_1_78' title='bbox 288 1706 365 1771; x_wconf 93' lang='lat' dir='ltr'><strong>quo</strong></span> <span class='ocrx_word' id='word_1_79' title='bbox 399 1698 549 1749; x_wconf 85' lang='lat' dir='ltr'><strong>curata</strong></span> <span class='ocrx_word' id='word_1_80' title='bbox 574 1681 655 1748; x_wconf 88' lang='lat' dir='ltr'><strong>illa</strong></span> <span class='ocrx_word' id='word_1_81' title='bbox 687 1688 861 1770; x_wconf 88' lang='lat' dir='ltr'><strong>primum</strong></span> <span class='ocrx_word' id='word_1_82' title='bbox 888 1684 938 1749; x_wconf 89' lang='lat' dir='ltr'><strong>ab</strong></span> <span class='ocrx_word' id='word_1_83' title='bbox 963 1683 1147 1752; x_wconf 85' lang='lat' dir='ltr'><strong>Alexan·</strong></span> 
     </span>
     <span class='ocr_line' id='line_1_14' title="bbox 100 1786 1147 1877; baseline 0.005 -27"><span class='ocrx_word' id='word_1_84' title='bbox 100 1788 240 1851; x_wconf 85' lang='lat' dir='ltr'><strong>drinis</strong></span> <span class='ocrx_word' id='word_1_85' title='bbox 266 1801 365 1852; x_wconf 84' lang='lat' dir='ltr'><strong>suut</strong></span> <span class='ocrx_word' id='word_1_86' title='bbox 399 1808 444 1853; x_wconf 90' lang='lat' dir='ltr'><strong>ac</strong></span> <span class='ocrx_word' id='word_1_87' title='bbox 478 1788 689 1873; x_wconf 86' lang='lat' dir='ltr'><strong>disposita</strong></span> <span class='ocrx_word' id='word_1_88' title='bbox 723 1786 769 1851; x_wconf 89' lang='lat' dir='ltr'><strong>nd</strong></span> <span class='ocrx_word' id='word_1_89' title='bbox 801 1800 990 1853; x_wconf 88' lang='lat' dir='ltr'><strong>nostram</strong></span> <span class='ocrx_word' id='word_1_90' title='bbox 1016 1809 1147 1877; x_wconf 85' lang='lat' dir='ltr'><strong>nsque</strong></span> 
     </span>
     <span class='ocr_line' id='line_1_15' title="bbox 104 1888 1146 1978; baseline 0.007 -26"><span class='ocrx_word' id='word_1_91' title='bbox 104 1903 281 1954; x_wconf 85' lang='lat' dir='ltr'><strong>aetatem</strong></span> <span class='ocrx_word' id='word_1_92' title='bbox 307 1888 542 1976; x_wconf 86' lang='lat' dir='ltr'><strong>permultas</strong></span> <span class='ocrx_word' id='word_1_93' title='bbox 575 1902 699 1976; x_wconf 83' lang='lat' dir='ltr'><strong>atquc</strong></span> <span class='ocrx_word' id='word_1_94' title='bbox 724 1893 924 1978; x_wconf 83' lang='lat' dir='ltr'><strong>insignes</strong></span> <span class='ocrx_word' id='word_1_95' title='bbox 950 1891 1146 1959; x_wconf 91' lang='lat' dir='ltr'><strong>subiisse</strong></span> 
     </span>
     <span class='ocr_line' id='line_1_16' title="bbox 97 1992 1147 2065; baseline 0.007 -7"><span class='ocrx_word' id='word_1_96' title='bbox 97 1995 362 2059; x_wconf 83' lang='lat' dir='ltr'><strong>mutationes</strong></span> <span class='ocrx_word' id='word_1_97' title='bbox 388 1995 579 2059; x_wconf 70' lang='lat' dir='ltr'><strong>certissimis</strong></span> <span class='ocrx_word' id='word_1_98' title='bbox 608 1992 791 2059; x_wconf 88' lang='lat' dir='ltr'><strong>rationibus</strong></span> <span class='ocrx_word' id='word_1_99' title='bbox 824 1995 1068 2062; x_wconf 85' lang='lat' dir='ltr'><strong>demonstrasse</strong></span> <span class='ocrx_word' id='word_1_100' title='bbox 1096 1999 1147 2065; x_wconf 77' lang='lat' dir='ltr'><strong>ri·</strong></span> 
     </span>
     <span class='ocr_line' id='line_1_17' title="bbox 96 2098 224 2162; baseline -0.016 0"><span class='ocrx_word' id='word_1_101' title='bbox 96 2098 224 2162; x_wconf 88' lang='lat' dir='ltr'><strong>demur.</strong></span> 
     </span>
    </p>
   </div>
   <div class='ocr_carea' id='block_1_8' title="bbox 91 2212 1147 2696">
    <p class='ocr_par' dir='ltr' id='par_1_8' title="bbox 91 2212 1147 2696">
     <span class='ocr_line' id='line_1_18' title="bbox 167 2212 1146 2285; baseline 0.005 -4"><span class='ocrx_word' id='word_1_102' title='bbox 167 2214 313 2281; x_wconf 84' lang='lat' dir='ltr'><strong>Primum</strong></span> <span class='ocrx_word' id='word_1_103' title='bbox 353 2214 524 2282; x_wconf 88' lang='lat' dir='ltr'><strong>advertunt</strong></span> <span class='ocrx_word' id='word_1_104' title='bbox 559 2212 699 2281; x_wconf 87' lang='lat' dir='ltr'><strong>lacunae</strong></span> <span class='ocrx_word' id='word_1_105' title='bbox 734 2228 803 2281; x_wconf 89' lang='lat' dir='ltr'><strong>tum</strong></span> <span class='ocrx_word' id='word_1_106' title='bbox 846 2218 1043 2283; x_wconf 74' lang='lat' dir='ltr'><strong>narrationis</strong></span> <span class='ocrx_word' id='word_1_107' title='bbox 1077 2230 1146 2285; x_wconf 84' lang='lat' dir='ltr'><strong>tum</strong></span> 
     </span>
     <span class='ocr_line' id='line_1_19' title="bbox 93 2316 1146 2408; baseline 0.001 -22"><span class='ocrx_word' id='word_1_108' title='bbox 93 2322 330 2386; x_wconf 89' lang='lat' dir='ltr'><strong>sententiarum</strong></span> <span class='ocrx_word' id='word_1_109' title='bbox 354 2320 437 2385; x_wconf 89' lang='lat' dir='ltr'><strong>adeo</strong></span> <span class='ocrx_word' id='word_1_110' title='bbox 464 2316 650 2408; x_wconf 82' lang='lat' dir='ltr'><strong>singulares</strong></span> <span class='ocrx_word' id='word_1_111' title='bbox 673 2332 706 2384; x_wconf 87' lang='lat' dir='ltr'><strong>et</strong></span> <span class='ocrx_word' id='word_1_112' title='bbox 735 2317 912 2401; x_wconf 83' lang='lat' dir='ltr'><strong>absurdae,</strong></span> <span class='ocrx_word' id='word_1_113' title='bbox 946 2333 983 2384; x_wconf 89' lang='lat' dir='ltr'><strong>ut</strong></span> <span class='ocrx_word' id='word_1_114' title='bbox 1011 2340 1077 2385; x_wconf 93' lang='lat' dir='ltr'><strong>nou</strong></span> <span class='ocrx_word' id='word_1_115' title='bbox 1103 2318 1146 2387; x_wconf 86' lang='lat' dir='ltr'><strong>ab</strong></span> 
     </span>
     <span class='ocr_line' id='line_1_20' title="bbox 92 2418 1146 2510; baseline 0.002 -21"><span class='ocrx_word' id='word_1_116' title='bbox 92 2425 282 2489; x_wconf 89' lang='lat' dir='ltr'><strong>temerariis</strong></span> <span class='ocrx_word' id='word_1_117' title='bbox 294 2419 498 2489; x_wconf 89' lang='lat' dir='ltr'><strong>librariorum</strong></span> <span class='ocrx_word' id='word_1_118' title='bbox 515 2418 861 2510; x_wconf 76' lang='lat' dir='ltr'><strong>grammaticorumque</strong></span> <span class='ocrx_word' id='word_1_119' title='bbox 876 2422 1012 2505; x_wconf 86' lang='lat' dir='ltr'><strong>studiis,</strong></span> <span class='ocrx_word' id='word_1_120' title='bbox 1034 2446 1146 2491; x_wconf 83' lang='lat' dir='ltr'><strong>rerum</strong></span> 
     </span>
     <span class='ocr_line' id='line_1_21' title="bbox 94 2525 1147 2614; baseline 0.003 -23"><span class='ocrx_word' id='word_1_121' title='bbox 94 2525 138 2591; x_wconf 89' lang='lat' dir='ltr'><strong>ab</strong></span> <span class='ocrx_word' id='word_1_122' title='bbox 155 2529 240 2592; x_wconf 90' lang='lat' dir='ltr'><strong>mira</strong></span> <span class='ocrx_word' id='word_1_123' title='bbox 256 2525 395 2614; x_wconf 84' lang='lat' dir='ltr'><strong>quadem</strong></span> <span class='ocrx_word' id='word_1_124' title='bbox 414 2547 452 2593; x_wconf 86' lang='lat' dir='ltr'><strong>uc</strong></span> <span class='ocrx_word' id='word_1_125' title='bbox 466 2548 542 2591; x_wconf 86' lang='lat' dir='ltr'><strong>rara</strong></span> <span class='ocrx_word' id='word_1_126' title='bbox 555 2525 704 2591; x_wconf 81' lang='lat' dir='ltr'><strong>fortunae</strong></span> <span class='ocrx_word' id='word_1_127' title='bbox 724 2526 844 2590; x_wconf 89' lang='lat' dir='ltr'><strong>iniuria</strong></span> <span class='ocrx_word' id='word_1_128' title='bbox 859 2526 1054 2611; x_wconf 84' lang='lat' dir='ltr'><strong>repetendae</strong></span> <span class='ocrx_word' id='word_1_129' title='bbox 1071 2549 1147 2593; x_wconf 90' lang='lat' dir='ltr'><strong>esse</strong></span> 
     </span>
     <span class='ocr_line' id='line_1_22' title="bbox 91 2631 280 2696; baseline -0.011 0"><span class='ocrx_word' id='word_1_130' title='bbox 91 2631 280 2696; x_wconf 81' lang='lat' dir='ltr'><strong>videantur.</strong></span> 
     </span>
    </p>
   </div>
   <div class='ocr_carea' id='block_1_9' title="bbox 95 2744 1148 3355">
    <p class='ocr_par' dir='ltr' id='par_1_9' title="bbox 95 2744 1148 3355">
     <span class='ocr_line' id='line_1_23' title="bbox 168 2744 1148 2817; baseline 0.002 -2"><span class='ocrx_word' id='word_1_131' title='bbox 168 2749 237 2817; x_wconf 85' lang='lat' dir='ltr'><strong>Sed</strong></span> <span class='ocrx_word' id='word_1_132' title='bbox 256 2745 357 2815; x_wconf 87' lang='lat' dir='ltr'><strong>multa</strong></span> <span class='ocrx_word' id='word_1_133' title='bbox 376 2761 488 2817; x_wconf 88' lang='lat' dir='ltr'><strong>assunt</strong></span> <span class='ocrx_word' id='word_1_134' title='bbox 509 2750 586 2815; x_wconf 90' lang='lat' dir='ltr'><strong>item</strong></span> <span class='ocrx_word' id='word_1_135' title='bbox 599 2744 758 2814; x_wconf 87' lang='lat' dir='ltr'><strong>humanae</strong></span> <span class='ocrx_word' id='word_1_136' title='bbox 774 2746 953 2814; x_wconf 78' lang='lat' dir='ltr'><strong>industriae</strong></span> <span class='ocrx_word' id='word_1_137' title='bbox 973 2748 1148 2817; x_wconf 88' lang='lat' dir='ltr'><strong>documen·</strong></span> 
     </span>
     <span class='ocr_line' id='line_1_24' title="bbox 96 2850 1147 2941; baseline 0.001 -21"><span class='ocrx_word' id='word_1_138' title='bbox 96 2869 132 2920; x_wconf 88' lang='lat' dir='ltr'><strong>ta</strong></span> <span class='ocrx_word' id='word_1_139' title='bbox 161 2852 340 2933; x_wconf 63' lang='lat' dir='ltr'><strong>admodum,</strong></span> <span class='ocrx_word' id='word_1_140' title='bbox 369 2854 572 2941; x_wconf 80' lang='lat' dir='ltr'><strong>importunae</strong></span> <span class='ocrx_word' id='word_1_141' title='bbox 607 2865 640 2917; x_wconf 89' lang='lat' dir='ltr'><strong>et</strong></span> <span class='ocrx_word' id='word_1_142' title='bbox 671 2850 947 2919; x_wconf 81' lang='lat' dir='ltr'><strong>inconsideratae:</strong></span> <span class='ocrx_word' id='word_1_143' title='bbox 980 2852 1147 2921; x_wconf 89' lang='lat' dir='ltr'><strong>demutata</strong></span> 
     </span>
     <span class='ocr_line' id='line_1_25' title="bbox 98 2944 1147 3045; baseline 0.004 -24"><span class='ocrx_word' id='word_1_144' title='bbox 98 2960 188 3021; x_wconf 87' lang='lat' dir='ltr'><strong>enim</strong></span> <span class='ocrx_word' id='word_1_145' title='bbox 203 2956 370 3023; x_wconf 86' lang='lat' dir='ltr'><strong>interdum</strong></span> <span class='ocrx_word' id='word_1_146' title='bbox 396 2944 477 3027; x_wconf 43' lang='lat' dir='ltr'><strong>sunt.</strong></span> <span class='ocrx_word' id='word_1_147' title='bbox 495 2969 549 3020; x_wconf 91' lang='lat' dir='ltr'><strong>aut</strong></span> <span class='ocrx_word' id='word_1_148' title='bbox 571 2956 693 3043; x_wconf 87' lang='lat' dir='ltr'><strong>omissa</strong></span> <span class='ocrx_word' id='word_1_149' title='bbox 717 2976 800 3045; x_wconf 82' lang='lat' dir='ltr'><strong>quae</strong></span> <span class='ocrx_word' id='word_1_150' title='bbox 827 2975 951 3019; x_wconf 90' lang='lat' dir='ltr'><strong>morum</strong></span> <span class='ocrx_word' id='word_1_151' title='bbox 980 2958 1147 3025; x_wconf 85' lang='lat' dir='ltr'><strong>severitati</strong></span> 
     </span>
     <span class='ocr_line' id='line_1_26' title="bbox 101 3052 1147 3149; baseline 0.002 -26"><span class='ocrx_word' id='word_1_152' title='bbox 101 3060 217 3124; x_wconf 86' lang='lat' dir='ltr'><strong>nociva</strong></span> <span class='ocrx_word' id='word_1_153' title='bbox 240 3056 456 3136; x_wconf 79' lang='lat' dir='ltr'><strong>ducebantur,</strong></span> <span class='ocrx_word' id='word_1_154' title='bbox 476 3081 621 3149; x_wconf 87' lang='lat' dir='ltr'><strong>quaeque</strong></span> <span class='ocrx_word' id='word_1_155' title='bbox 644 3054 685 3122; x_wconf 92' lang='lat' dir='ltr'><strong>ab</strong></span> <span class='ocrx_word' id='word_1_156' title='bbox 699 3054 834 3147; x_wconf 73' lang='lat' dir='ltr'><strong>&#39;vulgari</strong></span> <span class='ocrx_word' id='word_1_157' title='bbox 850 3055 1031 3125; x_wconf 87' lang='lat' dir='ltr'><strong>fabularum</strong></span> <span class='ocrx_word' id='word_1_158' title='bbox 1049 3052 1147 3126; x_wconf 69' lang='lat' dir='ltr'><strong>uadi·</strong></span> 
     </span>
     <span class='ocr_line' id='line_1_27' title="bbox 95 3158 1146 3249; baseline 0.001 -21"><span class='ocrx_word' id='word_1_159' title='bbox 95 3165 189 3228; x_wconf 86' lang='lat' dir='ltr'><strong>tione</strong></span> <span class='ocrx_word' id='word_1_160' title='bbox 202 3159 413 3227; x_wconf 77' lang='lat' dir='ltr'><strong>discedebant</strong></span> <span class='ocrx_word' id='word_1_161' title='bbox 427 3176 483 3228; x_wconf 88' lang='lat' dir='ltr'><strong>aut</strong></span> <span class='ocrx_word' id='word_1_162' title='bbox 500 3158 599 3226; x_wconf 88' lang='lat' dir='ltr'><strong>aliam</strong></span> <span class='ocrx_word' id='word_1_163' title='bbox 614 3159 657 3227; x_wconf 93' lang='lat' dir='ltr'><strong>ob</strong></span> <span class='ocrx_word' id='word_1_164' title='bbox 671 3180 803 3227; x_wconf 89' lang='lat' dir='ltr'><strong>causam</strong></span> <span class='ocrx_word' id='word_1_165' title='bbox 827 3160 995 3249; x_wconf 80' lang='lat' dir='ltr'><strong>magistris</strong></span> <span class='ocrx_word' id='word_1_166' title='bbox 1017 3160 1146 3229; x_wconf 84' lang='lat' dir='ltr'><strong>sobolu-</strong></span> 
     </span>
     <span class='ocr_line' id='line_1_28' title="bbox 96 3264 491 3355; baseline 0.008 -23"><span class='ocrx_word' id='word_1_167' title='bbox 96 3267 190 3332; x_wconf 90' lang='lat' dir='ltr'><strong>sticis</strong></span> <span class='ocrx_word' id='word_1_168' title='bbox 210 3264 454 3355; x_wconf 81' lang='lat' dir='ltr'><strong>displicuerant·</strong></span> <span class='ocrx_word' id='word_1_169' title='bbox 487 3346 491 3355; x_wconf 86' lang='lat'>.</span> 
     </span>
    </p>
   </div>
   <div class='ocr_carea' id='block_1_10' title="bbox 93 3396 1147 4209">
    <p class='ocr_par' dir='ltr' id='par_1_10' title="bbox 93 3396 1147 4209">
     <span class='ocr_line' id='line_1_29' title="bbox 179 3396 1147 3484; baseline 0.002 -21"><span class='ocrx_word' id='word_1_170' title='bbox 179 3398 317 3484; x_wconf 84' lang='lat' dir='ltr'><strong>Insuper</strong></span> <span class='ocrx_word' id='word_1_171' title='bbox 346 3411 555 3466; x_wconf 88' lang='lat' dir='ltr'><strong>accesserunt</strong></span> <span class='ocrx_word' id='word_1_172' title='bbox 588 3398 689 3465; x_wconf 90' lang='lat' dir='ltr'><strong>etiam</strong></span> <span class='ocrx_word' id='word_1_173' title='bbox 729 3396 948 3465; x_wconf 85' lang='lat' dir='ltr'><strong>additamenta</strong></span> <span class='ocrx_word' id='word_1_174' title='bbox 987 3399 1147 3484; x_wconf 86' lang='lat' dir='ltr'><strong>quaedam</strong></span> 
     </span>
     <span class='ocr_line' id='line_1_30' title="bbox 93 3499 1147 3589; baseline 0.003 -22"><span class='ocrx_word' id='word_1_175' title='bbox 93 3504 214 3588; x_wconf 87' lang='lat' dir='ltr'><strong>partim</strong></span> <span class='ocrx_word' id='word_1_176' title='bbox 228 3503 374 3589; x_wconf 80' lang='lat' dir='ltr'><strong>optimae</strong></span> <span class='ocrx_word' id='word_1_177' title='bbox 387 3500 529 3578; x_wconf 88' lang='lat' dir='ltr'><strong>indolis,</strong></span> <span class='ocrx_word' id='word_1_178' title='bbox 553 3499 712 3587; x_wconf 83' lang='lat' dir='ltr'><strong>reliquias</strong></span> <span class='ocrx_word' id='word_1_179' title='bbox 730 3499 882 3567; x_wconf 84' lang='lat' dir='ltr'><strong>videlicet</strong></span> <span class='ocrx_word' id='word_1_180' title='bbox 903 3501 1044 3569; x_wconf 88' lang='lat' dir='ltr'><strong>Hesiodi</strong></span> <span class='ocrx_word' id='word_1_181' title='bbox 1066 3501 1147 3569; x_wconf 87' lang='lat' dir='ltr'><strong>alio·</strong></span> 
     </span>
     <span class='ocr_line' id='line_1_31' title="bbox 94 3595 1147 3693; baseline 0.006 -24"><span class='ocrx_word' id='word_1_182' title='bbox 94 3627 232 3692; x_wconf 82' lang='lat' dir='ltr'><strong>rumque</strong></span> <span class='ocrx_word' id='word_1_183' title='bbox 246 3619 414 3691; x_wconf 84' lang='lat' dir='ltr'><strong>poetarum</strong></span> <span class='ocrx_word' id='word_1_184' title='bbox 426 3595 617 3683; x_wconf 84' lang='lat' dir='ltr'><strong>fabulosae,</strong></span> <span class='ocrx_word' id='word_1_185' title='bbox 638 3625 720 3690; x_wconf 90' lang='lat' dir='ltr'><strong>qnae</strong></span> <span class='ocrx_word' id='word_1_186' title='bbox 739 3606 971 3671; x_wconf 83' lang='lat' dir='ltr'><strong>uetustissimis</strong></span> <span class='ocrx_word' id='word_1_187' title='bbox 985 3627 1147 3693; x_wconf 79' lang='lat' dir='ltr'><strong>gramma·</strong></span> 
     </span>
     <span class='ocr_line' id='line_1_32' title="bbox 95 3707 1145 3795; baseline 0.002 -22"><span class='ocrx_word' id='word_1_188' title='bbox 95 3711 234 3774; x_wconf 81' lang='lat' dir='ltr'><strong>sicarum</strong></span> <span class='ocrx_word' id='word_1_189' title='bbox 251 3711 496 3776; x_wconf 84' lang='lat' dir='ltr'><strong>commentariis</strong></span> <span class='ocrx_word' id='word_1_190' title='bbox 503 3721 706 3795; x_wconf 78' lang='lat' dir='ltr'><strong>propagatae</strong></span> <span class='ocrx_word' id='word_1_191' title='bbox 722 3729 762 3773; x_wconf 91' lang='lat' dir='ltr'><strong>an</strong></span> <span class='ocrx_word' id='word_1_192' title='bbox 779 3711 904 3775; x_wconf 87' lang='lat' dir='ltr'><strong>recenti</strong></span> <span class='ocrx_word' id='word_1_193' title='bbox 922 3711 1080 3775; x_wconf 88' lang='lat' dir='ltr'><strong>memoria</strong></span> <span class='ocrx_word' id='word_1_194' title='bbox 1101 3707 1145 3777; x_wconf 92' lang='lat' dir='ltr'><strong>ob</strong></span> 
     </span>
     <span class='ocr_line' id='line_1_33' title="bbox 96 3795 1147 3899; baseline 0.001 -23"><span class='ocrx_word' id='word_1_195' title='bbox 96 3795 344 3878; x_wconf 83' lang='lat' dir='ltr'><strong>similitudinem</strong></span> <span class='ocrx_word' id='word_1_196' title='bbox 358 3815 513 3879; x_wconf 84' lang='lat' dir='ltr'><strong>materiae</strong></span> <span class='ocrx_word' id='word_1_197' title='bbox 532 3814 743 3896; x_wconf 87' lang='lat' dir='ltr'><strong>interpositae</strong></span> <span class='ocrx_word' id='word_1_198' title='bbox 769 3823 864 3888; x_wconf 79' lang='lat' dir='ltr'><strong>sunt3</strong></span> <span class='ocrx_word' id='word_1_199' title='bbox 890 3813 1008 3899; x_wconf 87' lang='lat' dir='ltr'><strong>partim</strong></span> <span class='ocrx_word' id='word_1_200' title='bbox 1030 3811 1147 3878; x_wconf 88' lang='lat' dir='ltr'><strong>fictitia</strong></span> 
     </span>
     <span class='ocr_line' id='line_1_34' title="bbox 93 3912 1147 4004; baseline 0.001 -24"><span class='ocrx_word' id='word_1_201' title='bbox 93 3913 297 4002; x_wconf 81' lang='lat' dir='ltr'><strong>infimaeqoe</strong></span> <span class='ocrx_word' id='word_1_202' title='bbox 320 3916 510 4004; x_wconf 79' lang='lat' dir='ltr'><strong>dignitatis,</strong></span> <span class='ocrx_word' id='word_1_203' title='bbox 536 3915 578 3980; x_wconf 90' lang='lat' dir='ltr'><strong>ad</strong></span> <span class='ocrx_word' id='word_1_204' title='bbox 599 3912 780 3982; x_wconf 82' lang='lat' dir='ltr'><strong>faciliorem</strong></span> <span class='ocrx_word' id='word_1_205' title='bbox 804 3918 963 3982; x_wconf 88' lang='lat' dir='ltr'><strong>sermonis</strong></span> <span class='ocrx_word' id='word_1_206' title='bbox 991 3916 1075 3999; x_wconf 91' lang='lat' dir='ltr'><strong>epici</strong></span> <span class='ocrx_word' id='word_1_207' title='bbox 1096 3915 1147 3981; x_wconf 88' lang='lat' dir='ltr'><strong>in·</strong></span> 
     </span>
     <span class='ocr_line' id='line_1_35' title="bbox 94 4017 1145 4087; baseline 0 -4"><span class='ocrx_word' id='word_1_208' title='bbox 94 4017 263 4084; x_wconf 76' lang='lat' dir='ltr'><strong>mllectum</strong></span> <span class='ocrx_word' id='word_1_209' title='bbox 297 4020 537 4085; x_wconf 87' lang='lat' dir='ltr'><strong>accommodate</strong></span> <span class='ocrx_word' id='word_1_210' title='bbox 566 4019 724 4087; x_wconf 82' lang='lat' dir='ltr'><strong>instituta.</strong></span> <span class='ocrx_word' id='word_1_211' title='bbox 776 4017 904 4085; x_wconf 86' lang='lat' dir='ltr'><strong>Horum</strong></span> <span class='ocrx_word' id='word_1_212' title='bbox 936 4035 1046 4083; x_wconf 88' lang='lat' dir='ltr'><strong>tamen</strong></span> <span class='ocrx_word' id='word_1_213' title='bbox 1079 4036 1145 4083; x_wconf 90' lang='lat' dir='ltr'><strong>non</strong></span> 
     </span>
     <span class='ocr_line' id='line_1_36' title="bbox 95 4121 873 4209; baseline 0 -23"><span class='ocrx_word' id='word_1_214' title='bbox 95 4125 210 4188; x_wconf 86' lang='lat' dir='ltr'><strong>omnia</strong></span> <span class='ocrx_word' id='word_1_215' title='bbox 226 4122 269 4189; x_wconf 88' lang='lat' dir='ltr'><strong>ad</strong></span> <span class='ocrx_word' id='word_1_216' title='bbox 282 4138 426 4192; x_wconf 82' lang='lat' dir='ltr'><strong>nostrrnu</strong></span> <span class='ocrx_word' id='word_1_217' title='bbox 441 4122 631 4190; x_wconf 85' lang='lat' dir='ltr'><strong>memoriam</strong></span> <span class='ocrx_word' id='word_1_218' title='bbox 648 4121 773 4209; x_wconf 87' lang='lat' dir='ltr'><strong>perlata</strong></span> <span class='ocrx_word' id='word_1_219' title='bbox 787 4135 873 4188; x_wconf 87' lang='lat' dir='ltr'><strong>sunt.</strong></span> 
     </span>
    </p>
   </div>
   <div class='ocr_carea' id='block_1_11' title="bbox 0 0 1318 4882">
    <p class='ocr_par' dir='ltr' id='par_1_11' title="bbox 0 0 1318 4882">
     <span class='ocr_line' id='line_1_37' title="bbox 0 0 1318 4882; baseline 0 0"><span class='ocrx_word' id='word_1_220' title='bbox 0 0 1318 4882; x_wconf 95' lang='lat' dir='ltr'><strong> </strong></span> 
     </span>
    </p>
   </div>
  </div>
 </body>
</html>
