2626 4882
128 340 202 411 126
395 339 457 405 DE
482 337 649 403 EMEND.
676 337 904 403 THEOGON.

124 518 216 570 retur.
251 504 399 565 Nimirum
415 500 474 563 ista
488 503 621 562 accidere
637 521 708 561 sane
723 510 901 580 potnemnt3
922 524 956 564 so
973 503 1050 563 belle
1065 507 1170 587 quidem

127 593 224 653 omnia
240 600 270 648 ct
284 587 433 648 commode
448 589 575 646 conficta
588 598 665 648 sunt.
706 586 746 647 At
763 608 836 649 vero
854 599 1004 669 utcunque
1024 588 1170 653 blandiun-

127 690 193 751 tur,
212 675 248 734 ad
269 673 501 751 persuadendum
523 683 619 731 tamen
641 690 701 730 non
722 682 792 731 sunt
810 678 942 753 apposite
963 675 1056 735 dicta

213 755 621 818 Convenithodieinter
644 775 744 815 omnes
767 756 959 836 licinique
981 761 1170 818 vetustis*

128 848 246 905 simae
269 845 681 917 Graecorumpoeseos
698 842 944 902 conditione.
966 836 1171 904 Recitabantur

127 929 200 989 haec
213 929 344 986 carmina
359 930 483 1004 primum
502 925 538 983 ab
563 935 742 984 auctorat
763 945 818 984 nec
832 931 920 985 semel
936 938 1035 987 tamen
1048 938 1103 988 aut
1119 947 1170 989 uno

126 1014 433 1081 tantumloco,vcrum
442 1027 650 1086 saepenumero
659 1029 693 1068 ae
706 1028 758 1086 per
767 1013 866 1070 rarius
875 1011 1017 1071 Graeciae
1030 1015 1170 1093 regiones·

128 1099 231 1177 ltaque
248 1112 420 1172 quamquam
437 1092 651 1154 Memoriam
667 1095 712 1153 illi
727 1096 862 1153 colebant
876 1094 1029 1155 Musarum
1044 1107 1170 1173 matrem,

127 1187 180 1244 rix
202 1193 320 1253 tamen,
350 1183 471 1255 opinor,
497 1188 581 1237 tanta
603 1179 706 1237 aderat
727 1177 882 1239 memoriae
895 1180 1041 1253 facultas,
1063 1192 1099 1241 ut
1112 1185 1170 1242 lon·

126 1286 194 1348 gam
216 1267 374 1323 carminum
394 1266 498 1324 seriem
521 1274 656 1321 accurate
673 1269 826 1336 tenerent,
847 1275 876 1322 et
894 1266 1127 1345 quandocunque
1139 1270 1171 1326 iis

129 1359 206 1412 esset
220 1366 313 1424 opus,
336 1351 399 1406 sine
413 1348 474 1405 ullo
494 1349 675 1426 integritatis
696 1348 848 1423 dispendio
863 1351 1034 1409 recitarent.
1078 1350 1171 1429 Neque

128 1455 199 1498 vero
215 1435 333 1491 omnino
349 1431 487 1509 prohibeo
501 1432 648 1510 equidem,
672 1434 743 1508 quin
756 1434 863 1492 multas
880 1435 1044 1493 carminum
1061 1454 1174 1495 suorum

128 1529 225 1596 partes
249 1517 287 1575 sd
308 1517 428 1576 verbum
448 1527 542 1575 mente
556 1518 799 1575 conteraaverint
814 1526 936 1597 poetae:
957 1536 1007 1574 res
1024 1520 1102 1579 enim
1115 1538 1172 1579 ma-

127 1606 235 1665 nifesta
249 1604 283 1659 lit
300 1620 337 1658 ex
352 1602 389 1658 iia
401 1603 539 1678 exemplis
561 1601 804 1675 Homericis,
825 1600 874 1660 ubi
889 1620 976 1679 quum
994 1602 1170 1663 caedentes

127 1692 190 1749 sive
209 1686 373 1745 narrandae
393 1697 492 1744 essent
512 1687 575 1745 sive
600 1685 823 1758 describendae,
843 1686 929 1745 iidem
950 1689 1173 1765 plerumqucre·

128 1781 252 1834 currunt
265 1789 378 1829 versus.
406 1770 479 1828 vile
492 1764 533 1831 li.
552 1793 582 1844 u,
601 1771 761 1833 13-16.
784 1770 946 1833 22-2a
962 1780 995 1830 et
1005 1793 1039 1843 α,
1057 1774 1172 1837 372-

129 1861 227 1929 378„
247 1852 379 1931 aliaque,
400 1872 523 1930 quorum
540 1856 705 1913 memoriam
716 1857 821 1914 recolit
837 1852 972 1913 Ricciu
983 1873 997 1912 s
1009 1852 1171 1916 Dicaea-tal·

129 1939 219 2000 Hom.
236 1941 328 2016 quial.
335 1956 372 2017 p.
390 1938 446 2000 49.
460 1956 523 2016 sqq.
546 1939 591 1998 ed.
611 1939 693 2017 Lipe.
737 1938 858 1999 interim
876 1958 936 1996 aon
955 1942 1055 1999 ariana
1080 1950 1171 2001 tamen

128 2035 243 2086 certum
256 2032 319 2095 est,
340 2020 417 2098 quod
436 2022 551 2079 easdem
571 2022 615 2081 illi
632 2027 792 2081 tententiae
809 2042 1016 2100 saepenumero
1036 2024 1172 2087 dirersis·

130 2109 210 2172 almi·
230 2107 438 2167 vocabulorum
461 2109 749 2185 enuntiationumque
768 2109 922 2186 generibus
942 2108 1174 2185 complecteban-

128 2194 346 2267 encomiisque
373 2191 520 2248 coloribus
549 2192 739 2250 multifariam
765 2190 993 2271 distinguebant.
1035 2194 1177 2272 Exemplo,

131 2276 402 2349 snellomsrusg
425 2276 519 2333 veluti
537 2274 611 2332 dixit
625 2277 650 2332 is
670 2275 775 2354 odyss.
791 2300 818 2351 κ,
837 2276 919 2339 469.
937 2278 1009 2339 70.t

213 2353 355 2462 ἅλλήὅτε
378 2350 472 2460 di'p’
489 2354 628 2432 ἐνιαυτὸς
648 2354 723 2465 3¹th
739 2360 809 2443 napi
831 2358 865 2420 δ’
880 2356 1015 2465 ἔτραπον
1038 2349 1130 2443 ὧραι,

131 2442 810 2603 Ηααα.αῑ3ῑα,,ναἱ.αα
827 2467 939 2606 αα
958 2442 1107 2605 aaa

130 2617 193 2675 sine
210 2617 270 2672 leri
286 2622 382 2671 tamen
399 2615 575 2671 mutatione:

213 2690 354 2799 eiii’uire
376 2691 415 2775 δή
434 2691 469 2797 ῥ’
484 2684 625 2766 ἐνιαυτὸς
643 2689 729 2800 ἔῃ
742 2691 811 2778 περὶ
830 2690 863 2757 δ’
873 2691 1018 2802 ’ἔτραπον
1041 2684 1134 2806 ripae,

130 2866 170 2925 l
189 2777 937 2941 autmarussmillumae
953 2779 1172 2937 ,fratta

131 2947 159 3025 ξ,
171 2950 253 3012 29³.
269 2950 317 3020 4.,
334 2948 505 3006 enuntiandi
525 2958 622 3007 tamen
645 2948 732 3008 modo
752 2952 850 3027 paullo
864 2954 953 3008 etiam
969 2952 1110 3010 licentius
1122 2952 1171 3010 iu·

130 3044 244 3095 mutato
259 3035 288 3091 in
303 3031 380 3091 hune
394 3031 526 3093 modunl

215 3112 291 3179 ἀλλ’
311 3112 363 3179 ὅτε
385 3114 423 3196 de)
443 3115 539 3198 μῆνές
560 3139 593 3179 τε
614 3115 665 3179 καὶ
688 3108 800 3199 ἢμὲραι
823 3111 1030 3192 ἐξετελεῦντο,

216 3193 266 3281 ἂψ
285 3199 536 3281 περιτελλομένου
557 3191 640 3273 ἔτεος
649 3249 659 3277 ,
682 3200 733 3263 καὶ
754 3194 912 3282 ἐπήλυθον
931 3189 1023 3283 ὧραι.

131 3279 265 3361 Denique
292 3289 443 3360 utriusque
476 3286 650 3343 enuntiandi
686 3288 801 3364 generis
829 3288 924 3345 frusta
957 3287 1116 3347 coniuncta
1143 3281 1171 3343 in

132 3387 222 3428 unum
239 3378 307 3426 sunt
322 3368 429 3447 θάνω.
445 3389 480 3444 τ,·
494 3370 572 3431 152.
589 3371 620 3431 3.
632 3378 661 3427 et
676 3393 712 3446 m,
735 3371 812 3432 142.
827 3365 875 3431 3.:

217 3448 290 3513 ἀλλ’
309 3448 361 3515 ὅτε
380 3449 525 3533 τέτρατον
546 3444 644 3534 ἦλθεν
663 3448 730 3526 ἔτος
751 3453 802 3515 καὶ
823 3448 985 3533 ἐπήλυθον
1005 3442 1104 3532 ὧραι,

216 3538 323 3615 μηνῶν
344 3533 538 3619 φθινόντων,
560 3536 628 3617 napi
650 3533 682 3597 δ’
698 3533 805 3617 ἤματα
822 3533 915 3600 πόλλ)
934 3535 1095 3619 ἐτελέσθη.

134 3612 265 3693 Quorum
280 3622 359 3695 prior
374 3621 453 3678 solus
469 3631 567 3680 exstat
584 3621 640 3682 θα.
652 3623 686 3698 β,
706 3624 784 3683 107.

217 3704 265 3763 Ex
278 3702 333 3762 hoc
348 3706 469 3781 aliisque
484 3709 623 3781 exemplis
638 3706 810 3778 simillimis,
830 3723 951 3781 quorum
967 3715 1013 3763 sat
1029 3698 1172 3764 luculenta

134 3788 265 3863 protrahi
281 3798 380 3864 potest
392 3793 492 3867 copia,
513 3792 671 3847 certissime
685 3788 756 3848 mihi
776 3789 877 3848 uideor
895 3791 1056 3868 colligere,
1081 3798 1172 3866 poetas

135 3877 164 3931 in
182 3875 341 3933 recitandis
364 3873 542 3933 carminibus
564 3875 693 3950 ipsorum
718 3876 842 3949 propriis
862 3873 1006 3932 interdum
1030 3876 1117 3951 genio
1133 3874 1173 3928 in·

135 3959 258 4017 dulslssa
279 3962 395 4035 potius,
417 3976 504 4034 quam
524 3961 694 4031 memoriae,
715 3962 756 4016 ita
778 3968 811 4015 ut
833 3972 892 4015 non
913 3958 999 4015 modo
1014 3959 1105 4015 verba
1119 3959 1174 4013 sin·

134 4046 202 4122 gula
216 4055 302 4119 alque
320 4046 435 4120 integra
458 4041 688 4100 enuntiationum
711 4056 834 4122 genera,
863 4062 935 4118 quae
953 4050 982 4098 et
999 4041 1035 4098 ab
1052 4042 1137 4099 metri
1149 4044 1175 4097 tl

135 4127 170 4184 ab
189 4130 348 4186 sententiae
364 4128 478 4184 ratione
497 4131 628 4201 aequalia
645 4146 709 4183 esse
731 4126 922 4198 videbantur,
944 4143 981 4182 ex
995 4124 1119 4183 arbitrio
1134 4126 1175 4180 ia·

135 4221 180 4268 ter
204 4230 235 4271 se
253 4219 468 4288 permutarent,
486 4224 588 4272 verum
612 4212 699 4271 etiam
722 4212 826 4269 innato
847 4213 937 4272 animi
956 4211 1061 4271 ardore
1077 4231 1112 4271 eo
1129 4206 1176 4267 sla·
