2626 4882
126 323 203 399 282
399 328 460 389 DE
484 331 652 393 uolunt).
677 328 910 397 u'fluouort.

48 512 52 519 ·
126 494 254 574 compte,
272 510 307 551 ao
321 492 446 567 opimum
464 488 535 573 περὶ
548 492 603 569 τῆς
614 483 786 575 Ὁμηρικῆς
801 488 978 573 συνηθείας
991 511 1075 571 opor.
1103 492 1158 555 tto·

126 597 183 657 que
204 578 281 635 eoim
304 578 460 639 multorum
480 595 630 635 uocatum
655 578 756 637 tulerit
780 576 922 651 Woiiiur,
951 580 1007 655 qai
1033 582 1159 641 oratum
1188 573 1191 581 ’

126 672 242 724 tanturn
255 662 447 736 proprietates
461 658 695 719 iinmericaelroc
708 662 785 719 libro
795 662 962 735 explicatae
975 662 1069 723 fuine
1079 662 1159 723 edixit

127 746 247 823 Proieg.
265 765 301 825 p.
323 741 488 809 cxct'll.
538 744 607 802 Noa
628 763 704 823 nego
721 739 896 827 Ὁμηρικὴν
919 738 1093 827 oveti-ierat
1112 750 1161 807 tou

127 834 273 892 cententio
292 832 428 903 usurpari
450 830 595 904 potuiare3
625 841 711 905 atque
730 831 784 897 ric,
796 830 883 905 piane
905 832 1011 890 rorida
1033 850 1102 889 arua
1123 842 1161 909 cot

127 936 193 975 cum
208 916 274 973 aliie
294 913 526 991 Apollonion
544 912 738 990 Dyacoluo
758 914 795 975 de
810 916 961 975 coadunet.
1009 916 1161 989 -502-,d-

130 1002 228 1071 506„
244 1002 275 1059 8.
319 997 425 1055 i'erum
439 1007 576 1071 apparet,
597 1017 649 1057 ono
671 999 732 1061 iuro
752 998 833 1061 illum
846 998 936 1057 recia
954 934 1160 1059 odiit-ormi

127 1104 216 1143 unam
237 1084 361 1157 aiiquum
382 1080 550 1158 συνηθείας
570 1092 690 1159 portem.
728 1080 841 1139 Deinde
864 1084 1008 1158 ampliori
1029 1076 1159 1142 reatori

127 1166 334 1229 Zenodoto
365 1158 534 1241 συνήθειαν
562 1167 653 1223 initae
675 1177 899 1243 pertractatam,
926 1168 967 1225 ab
992 1168 1073 1231 omui
1092 1176 1160 1243 porte

126 1254 260 1313 illustrat
272 1252 421 1331 egregium
435 1251 531 1323 operio
545 1248 741 1327 fragmentum
752 1270 769 1309 u
779 1248 946 1327 Porphyrio
962 1262 1160 1311 ooooerrnoo„

127 1336 164 1394 V.
178 1332 277 1393 schot.
294 1334 363 1391 i'en.
379 1332 412 1390 B.
425 1348 454 1391 et
469 1332 548 1393 tuot.
562 1336 606 1401 ad
622 1334 708 1407 1i-n,
724 1336 804 1397 356.
824 1336 911 1413 opud
933 1334 1079 1399 Volet«.
1096 1334 1160 1415 opp·

132 1418 212 1479 uuo.
229 1417 293 1489 lt,
312 1438 345 1497 p.
364 1418 476 1479 130-
492 1420 569 1479 1-1t.
610 1422 650 1475 dt
665 1439 734 1477 rero
747 1418 874 1479 Woliuo
890 1418 1003 1477 Suidoe
1016 1420 1160 1481 oraocmia

126 1502 183 1563 hoc
201 1522 233 1561 re
249 1502 373 1581 denegat
391 1501 476 1559 tidem
498 1501 657 1579 librumque
679 1502 748 1585 eropi
775 1502 946 1582 συνηθείας
970 1502 1159 1565 Zenodoro

129 1588 244 1649 cuidam
257 1590 388 1665 arrigunt
403 1590 525 1643 ouctori.
567 1586 710 1647 Nimirum
726 1592 756 1647 in
774 1586 871 1645 codice
888 1586 1074 1647 Leidenai
1086 1606 1158 1661 prae·

128 1674 219 1733 uxoo
245 1673 434 1751 disputationi
460 1684 504 1727 ert
532 1668 727 1729 Zenodoti
756 1690 878 1743 nomen,
911 1672 968 1729 aed
993 1674 1025 1729 in
1047 1672 1158 1733 ouante

127 1760 249 1818 tranaiit
266 1757 337 1815 ituot
354 1760 382 1813 in
399 1754 655 1827 Zenodorum3
675 1756 777 1817 ‹leinde
791 1758 821 1812 io
838 1754 938 1813 codice
954 1754 1101 1813 Veneto
1117 1774 1159 1813 ae·

130 1840 273 1909 cundo,
294 1842 345 1917 qui
371 1840 490 1897 eandem
513 1838 735 1914 disputationem
758 1839 892 1912 exhibet,
919 1850 952 1897 ct
976 1839 1158 1915 principit

128 1936 159 1983 et
183 1926 260 1982 fine
281 1936 429 1998 comparet
449 1923 692 1985 Zenodorur.
742 1922 799 1987 Rea
819 1934 989 1997 promptum
1012 1922 1099 1987 habet
1119 1942 1160 1981 ex·

128 2010 287 2089 plicatum,
316 2026 353 2065 ex
382 2010 537 2065 rinridimic
566 2008 772 2067 vocabulorum
799 2008 981 2085 compendiis
1003 2009 1160 2085 petendam

129 2092 234 2151 deinde
252 2091 500 2149 auioradrerrione
522 2110 589 2165 prae
610 2094 714 2150 arteria
736 2090 809 2150 iliud
830 2091 953 2171 diguam
968 2088 1038 2165 ert,¹
1055 2092 1160 2173 quodit

130 2176 266 2237 Letdoori
278 2175 387 2247 codice,
405 2178 516 2248 optimo
532 2178 583 2233 iilo
597 2186 626 2233 ct
640 2177 851 2253 antiquissimo,
869 2179 899 2233 ia
908 2178 1061 2251 principio
1076 2174 1162 2235 acholii

129 2262 277 2323 Zenodoti
297 2278 401 2317 nonreo
419 2262 496 2316 ciam
516 2262 658 2335 scriptum
678 2271 730 2318 ert.
773 2261 884 2335 Quippe
903 2260 956 2318 uiri
972 2262 1101 2339 primum
1113 2261 1161 2319 eiu

129 2348 240 2405 iniecta
252 2354 299 2402 ert
315 2344 443 2416 mentia,
466 2343 603 2403 distincte
617 2355 769 2403 exaratum
779 2345 837 2413 fuit
851 2363 979 2417 nomen3
1000 2348 1098 2409 altero
1110 2347 1162 2405 tou

130 2432 261 2509 vulgaria
282 2427 445 2503 corripendii
465 2429 567 2491 modun
589 2431 757 2502 rnppositur
780 2438 842 2502 ert,
864 2432 913 2503 qui
936 2430 1162 2507 poctmodoarii·

128 2514 229 2575 irratio
251 2516 346 2575 minuo
368 2513 455 2570 docto
476 2524 505 2568 et
525 2525 637 2570 atteoto
656 2514 790 2577 frondem
813 2514 925 2573 iecerit.
970 2512 1056 2573 Haec
1078 2532 1163 2591 quau·

131 2618 216 2679 quam
232 2600 319 2675 piena
338 2608 406 2656 aunt
426 2610 455 2655 et
477 2601 644 2677 perepicuo,
665 2597 804 2659 tt-'ontuor
821 2610 915 2657 tameo
928 2597 1105 2657 advertebat
1119 2596 1164 2655 i'e·

129 2686 193 2744 neti
227 2696 338 2741 tontum
361 2682 470 2743 conicio
500 2686 679 2755 auctoritem
716 2682 818 2741 deinde
846 2682 1025 2741 movebatur
1055 2684 1164 2743 tortam

128 2770 253 2829 fortuito
270 2768 390 2847 quadam
406 2768 531 2827 oliorum
546 2768 675 2823 iocorum
698 2768 917 2839 convenientia,
945 2767 999 2827 ubi
1021 2766 1165 2827 Zenodoro

129 2854 339 2930 aroigoantur,
358 2870 431 2924 quoe
453 2850 630 2909 commodam
653 2851 684 2907 io
706 2853 762 2910 irto
781 2852 855 2909 libro
878 2848 1056 2910 habuimeot
1073 2850 1164 2911 oeteo.

129 2937 172 2997 m
193 2940 220 2994 oi
243 2936 313 3011 quid
338 2936 422 2995 rideo
443 2937 576 2995 neutriuo
594 2937 717 2993 rationi·
738 2955 772 2995 ce
792 2946 836 2994 eat
856 2936 903 2993 via
917 2952 954 2990 ac
970 2946 1120 3013 potenter,
1140 2942 1165 2993 ut

132 3020 241 3080 Saidae
268 3022 477 3091 testimonium,
505 3018 657 3079 Leideuoic
677 3018 747 3091 iibri
769 3020 942 3077 auctoritate
956 3023 1166 3091 communitum,

131 3109 265 3183 protioua
287 3108 385 3181 operui
405 3106 508 3177 possit.
552 3102 683 3163 Praestat
697 3106 773 3166 enim
787 3102 938 3162 Leideorir
954 3103 1055 3165 codex
1067 3112 1166 3177 aetatt3

130 3190 260 3249 Veneto·
274 3202 371 3248 autem
386 3208 423 3247 ne
437 3188 593 3268 diiigenter
603 3189 716 3264 quidem
725 3188 760 3247 oio
770 3186 931 3249 i‘ilioirooo
944 3197 992 3249 ert
1009 3188 1167 3263 deacriptot.

130 3272 287 3333 Praeterea
311 3274 442 3347 exempla
462 3293 513 3346 ea,
534 3292 608 3349 quac
630 3272 777 3335 Zenodoti
800 3290 905 3333 nornen
925 3289 998 3345 prae
1023 3291 1057 3334 ac
1074 3274 1169 3345 terum,

132 3369 185 3419 aut
205 3377 304 3433 reapoe
327 3357 363 3414 ad
384 3356 571 3423 Zenodorom
591 3359 717 3434 aliquem
739 3359 886 3433 pertinent
907 3367 961 3413 aut
980 3358 1101 3433 aequali
1115 3372 1169 3415 cot·

130 3445 246 3518 rupteio
264 3442 405 3502 laborant.
448 3442 526 3500 Nolo
540 3443 645 3503 exilem
658 3460 791 3516 quaerere
807 3442 987 3518 gloriolam,
1005 3444 1096 3517 plura
1107 3458 1169 3499 eoo·

132 3536 180 3587 tra
199 3526 338 3584 Woitium
360 3526 395 3581 do
416 3546 447 3585 re
471 3529 584 3587 incerto
604 3525 793 3601 diepntaod03
821 3525 872 3583 aed
893 3536 1046 3601 praestat,
1069 3528 1169 3603 opinor,

131 3618 164 3671 in
180 3630 267 3669 cauca
282 3614 319 3667 im
324 3610 422 3683 pedita
435 3630 542 3688 negare
555 3613 746 3687 pertinacius,
768 3628 852 3685 quom
864 3613 1020 3671 remimiua
1034 3606 1169 3671 ementiri.

130 3694 199 3755 Hoc
213 3714 282 3753 vcro
300 3693 429 3757 effecisse
444 3698 546 3753 mitem
562 3696 713 3767 ridemur,
736 3705 768 3757 nt
787 3696 846 3751 taie
867 3694 960 3751 iuircc
978 3704 1101 3759 conatet
1114 3692 1169 3753 Ze·

131 3781 270 3849 podati
289 3780 449 3839 minori·
470 3782 635 3859 ingenium,
657 3790 689 3836 ut
704 3798 803 3837 eorum
818 3779 1037 3851 exemplorum,
1060 3778 1169 3855 quaein

133 3864 253 3931 aciroiiia
267 3860 421 3921 ilcaiodcia
440 3868 549 3925 nonriui
564 3862 733 3935 Zenodotco
751 3862 952 3935 ascribuntur,
972 3874 1111 3931 nentrum
1127 3868 1169 3921 uo

133 3948 288 4026 indignum
303 3947 353 4004 uto
369 3950 476 4007 citant
491 3966 549 4007 noo
568 3948 728 4007 conveniat
747 3947 811 4004 otus
828 3944 948 4005 studiis.
971 3979 1014 3993 -
1035 3946 1113 4006 idem
1125 3944 1168 4001 de·

132 4036 219 4110 nique
233 4035 349 4095 minime
362 4032 477 4091 dubium
492 4033 646 4107 eot‚,quin
661 4051 731 4091 rere
746 4030 804 4089 dici
819 4033 912 4106 poscit
924 4029 962 4088 de
979 4030 1167 4089 Zenodoto

134 4117 323 4191 Ephesio,
351 4118 521 4195 criticorum
542 4117 683 4193 principe.
733 4114 889 4195 Negligere
914 4116 1022 4173 saitem
1044 4114 1168 4191 'l'ireogo-

136 4202 214 4279 niam
229 4220 289 4261 non
302 4202 384 4260 licuit
399 4205 443 4275 ei,
463 4204 514 4283 qui
534 4198 658 4261 Homeri
680 4200 810 4259 carmina
825 4209 889 4257 erat
903 4203 1113 4283 castigaturus.
1132 4223 1166 4243 ··
