2626 4882
180 370 228 415 ιιι
543 350 864 415 PRAEFATIO.

250 518 364 584 llaec
394 538 491 604 quum
519 540 577 603 per
606 538 643 584 se
667 523 834 587 maximae
864 521 929 583 sint
964 522 1163 586 auctoritatis
1188 526 1231 590 ad

179 644 310 688 omnem
325 642 456 708 operam
477 625 619 688 criticam
634 624 831 710 regendam,
858 636 923 687 tum
942 621 1042 711 longo
1063 627 1162 690 etiam
1181 630 1231 691 vi-

178 726 336 792 dabuntur
351 728 519 813 graviora,
552 730 582 790 si
604 729 884 792 mutationum
908 724 1081 791 illarum
1104 732 1228 816 origo

178 833 298 916 aperiri
321 843 353 894 et
376 851 421 893 ex
442 832 538 894 cortis
560 826 753 916 quibusdam
769 846 953 917 temporam
972 830 1157 897 intervallis
1172 834 1229 899 de-

178 933 277 999 sembi
293 935 435 1018 potuerit
455 936 645 998 accuratius.

250 1036 472 1103 Fundamenta
487 1039 521 1101 in
536 1035 597 1101 hac
609 1037 835 1122 disquisitione
856 1034 936 1101 illud
962 1051 1037 1114 est,
1053 1038 1138 1122 quod
1157 1059 1227 1104 ex·

179 1139 385 1225 emplaria
412 1142 635 1220 carminis,
674 1160 849 1226 qnorum
872 1138 997 1203 bodie
1021 1139 1138 1205 iacta
1158 1156 1227 1206 eat

178 1245 320 1327 copia,
343 1243 475 1309 saeculo
495 1256 609 1330 quarto
631 1245 780 1323 decimo,
814 1245 927 1328 quinto
949 1243 1094 1324 decimo,
1127 1258 1225 1310 sexto

177 1345 303 1410 decimo
339 1361 493 1427 exarata,
542 1346 591 1409 ab
635 1369 682 1410 ea
724 1348 927 1412 annotinis
967 1347 1225 1427 traditione,

177 1470 282 1533 qnae
307 1449 477 1515 saeculo
499 1450 662 1515 decimo
689 1463 728 1514 et
752 1449 976 1513 undecimo
1001 1448 1224 1514 fatebatur

175 1547 397 1635 Byzantii,
446 1574 526 1617 nou
563 1551 729 1617 inultum
766 1552 992 1617 discedere
1023 1568 1222 1638 compertum

176 1671 235 1722 est.
288 1655 388 1721 Valet
417 1658 452 1720 in
482 1655 567 1721 hanc
594 1657 785 1720 sententiam
816 1677 896 1739 prae
929 1658 1046 1721 ceteris
1077 1659 1220 1740 spissum

174 1757 352 1824 loannis
379 1758 562 1824 Diaconi
588 1758 743 1825 Galeui
767 1779 884 1843 cerpus
908 1755 1145 1845 Allegorieum,
1179 1758 1219 1821 de

175 1883 238 1948 quo
256 1860 344 1927 nolui
360 1861 495 1948 longum
514 1876 642 1926 nemete
658 1883 859 1941 serraonem,
885 1874 955 1926 tum
975 1861 1060 1947 qnod
1077 1883 1131 1926 res
1148 1883 1222 1945 per-

176 1967 288 2051 spicua
303 1968 364 2030 erit
379 1970 564 2050 usurpanti,
589 1979 657 2030 tum
673 1964 760 2051 quod
782 1965 824 2029 de
843 1965 1009 2050 impeditis
1029 1963 1222 2048 quibusdam

176 2068 337 2154 exeraplis
360 2071 433 2132 sine
456 2071 601 2134 codicum
630 2068 794 2153 praesidio
824 2065 907 2131 nihil
933 2065 1061 2131 definiri
1091 2068 1221 2153 poterit.

172 2169 323 2239 Diacono
346 2173 464 2237 deinde
479 2174 676 2239 conveniunt
692 2173 784 2239 sarie
803 2172 1088 2258 grammaticorum
1108 2191 1223 2236 monu-

172 2290 293 2340 menta.

248 2377 312 2443 His
326 2379 454 2464 positis,
470 2376 595 2463 reliqua
612 2391 791 2464 temporum
807 2380 926 2462 spatia,
943 2397 1026 2462 quae
1042 2373 1223 2440 Alexan·

173 2481 390 2551 drinorum
423 2503 524 2546 aevo
556 2495 590 2547 et
611 2479 790 2546 saeculo
811 2481 981 2545 decimo
1011 2476 1220 2564 comprehen-

173 2584 309 2665 duntur,
331 2588 440 2649 animo
461 2586 707 2669 permetieatcm
731 2597 764 2648 et
790 2584 1035 2647 examinantem
1061 2582 1218 2666 principio

171 2686 253 2753 illud
275 2691 431 2766 advertit,
458 2689 541 2773 quod
569 2690 722 2773 primis
744 2684 1005 2771 temporibus
1027 2685 1104 2749 dum
1124 2684 1218 2748 decta

169 2790 347 2857 litterarum
370 2791 475 2855 studia
500 2813 520 2854 a
541 2789 710 2875 permultis
729 2788 930 2869 colerentur,
955 2788 1097 2851 fortuitis
1111 2785 1163 2850 bis
1180 2808 1219 2850 ae

170 2893 322 2959 violentis
344 2892 576 2959 mutationibus
597 2891 771 2980 publice
794 2889 912 2956 saltem
933 2912 998 2955 nen
1017 2892 1122 2974 potuit
1135 2891 1218 2952 infe·

170 3000 251 3071 stari
276 3018 423 3063 carmen:
448 3000 629 3063 criticorum
651 3010 759 3061 autem
777 3015 888 3060 curam
904 2993 964 3058 illa
981 3005 1087 3058 aetate
1107 2991 1218 3056 admo·

170 3086 246 3185 dum
265 3104 379 3167 mitem
402 3115 435 3167 et
458 3101 671 3166 conservandi
692 3101 802 3185 potius
825 3118 921 3185 quam
936 3118 1093 3162 novarum
1108 3116 1215 3161 rerum

170 3204 320 3292 cupidam
337 3205 440 3269 fuisse
456 3219 592 3270 coastat.
802 3214 809 3223 ”
891 3188 894 3193 ’

245 3307 345 3373 Mox
370 3330 447 3372 vero
472 3329 566 3394 quum
589 3328 741 3385 carmen,
767 3305 852 3390 quod
876 3303 1109 3388 propemodum
1136 3298 1218 3364 obli·

168 3413 264 3477 viane
283 3413 392 3477 fuerat
411 3409 581 3496 paullatim
604 3428 811 3496 oppressum,
839 3419 971 3493 propter
991 3405 1216 3491 theologorum

168 3518 263 3582 r'ixas
278 3517 384 3579 denuo
403 3515 578 3579 studiosius
598 3529 802 3599 quaereretur
814 3533 853 3575 ac
873 3532 977 3594 paene
994 3511 1217 3583 revivisceret,

144 3649 151 3663 ·
169 3619 286 3684 deiude
303 3616 444 3682 stabilita
458 3640 493 3681 re
509 3615 712 3693 Christiana,
735 3618 770 3678 in
791 3612 915 3680 sobolis
928 3611 1055 3696 publice
1071 3632 1217 3696 expone·

168 3706 255 3788 retur
268 3722 390 3808 pneris,
408 3720 480 3785 fieri
497 3722 643 3806 proiecto
659 3722 764 3806 potnit
777 3729 844 3781 tum
860 3714 1043 3781 scholaram
1059 3717 1093 3777 in
1108 3734 1215 3791 usum,

168 3842 235 3892 tum
253 3827 392 3912 partium
407 3827 514 3890 studio
529 3840 565 3889 ut
582 3822 740 3890 nonnulla
760 3834 817 3885 aut
840 3830 1062 3906 premerentur
1087 3830 1142 3880 aut
1163 3835 1218 3879 ac·

167 3931 327 3997 oederent.

241 4033 364 4098 Verum
389 4053 485 4118 quum
509 4029 608 4118 plena
630 4030 821 4114 scriptorum
844 4023 1072 4089 observatione
1086 4025 1122 4086 in
1140 4041 1214 4084 eam

168 4137 380 4226 perducamur
399 4138 602 4217 sententiam,
623 4149 658 4200 ut
677 4129 848 4198 saeculo
868 4143 1019 4215 quarto
1043 4142 1082 4193 at
1101 4125 1214 4211 quin·
