2626 4882
226 378 249 439 2
492 373 553 432 DE
579 371 746 431 EMEND.
769 371 997 432 THEOGON.

312 535 352 592 dt
368 536 490 591 multum
506 543 603 590 tamen
616 551 736 604 vereor,
756 553 792 590 ne
807 532 931 590 Ehertus
949 535 1034 591 istam
1048 531 1186 590 dictionis
1205 550 1268 588 asu·

229 624 400 701 higuitatem
419 620 527 675 iccirco
540 637 600 675 non
616 620 783 689 evitaverit,
797 616 873 692 quod
891 619 1070 692 reliquorum
1084 620 1270 692 scriptorum,

229 713 279 786 qui
299 707 333 763 de
355 707 468 781 origine
486 705 530 758 rei
548 701 774 780 typographicae
792 705 1015 760 commentarios
1035 712 1270 774 composuerunt,

230 795 266 850 de
292 791 419 847 editione
442 785 563 846 Hesiodi
588 786 802 844 Mediolanensi
829 789 1025 845 testimonium
1050 790 1123 842 satis
1155 786 1269 844 firmum

230 889 258 935 et
273 876 453 948 exploratum
468 891 531 927 esse
546 871 691 929 censebat.
736 871 930 929 Consentiunt
945 884 1041 928 autem
1060 875 1089 927 iu
1104 890 1139 926 co
1156 890 1269 942 omnes,

229 960 308 1038 quod
328 957 547 1018 Mediolani
568 958 693 1032 (lpcra
716 967 828 1013 tantum
851 967 890 1011 et
911 954 1001 1012 Dies
1023 975 1088 1011 cum
1111 953 1269 1012 Theocrito

221 1032 385 1105 Ι0111100000
400 1039 526 1097 madent.
566 1040 603 1100 l'.
617 1039 764 1097 ‚llaittsire
776 1041 886 1100 Anacl.
901 1050 1021 1118 typogr.
1040 1039 1074 1096 T.
1086 1038 1129 1109 1.,
1142 1059 1178 1116 p.
1190 1041 1270 1102 765.

231 1132 277 1189 ed.
301 1145 388 1198 nom,
413 1124 534 1183 Panzer.
556 1123 665 1182 Auutel.
689 1123 723 1181 ¹1¹.
747 1124 814 1194 11.‚
837 1142 870 1202 p·
891 1128 949 1185 97.
973 1147 1001 1182 u.
1027 1126 1123 1194 598,
1154 1124 1268 1187 Fahric.

214 1214 309 1275 11111.
328 1212 383 1270 Gr.
408 1207 552 1285 T.1·,p.
570 1209 650 1270 596.
665 1208 758 1268 Harl.
767 1255 777 1283 ,
800 1206 968 1266 Renouard.
991 1208 1099 1265 Arruel.
1118 1209 1154 1266 de
1170 1210 1192 1267 l’
1207 1208 1270 1268 lo·

226 1296 373 1382 primarie
401 1295 453 1352 dee
473 1292 557 1350 Alete.
605 1291 673 1357 Sec.
697 1295 768 1352 e'ds't.
790 1291 862 1350 Pur.
891 1295 994 1355 1825.
1022 1292 1056 1349 Τ.
1082 1291 1127 1365 1.,
1150 1312 1185 1372 p.
1213 1294 1267 1355 11.
1299 1332 1303 1339 -

230 1389 324 1452 (litam
344 1380 457 1435 obrem
477 1376 641 1434 Ehertus
662 1378 735 1434 siah
756 1379 903 1434 communi
926 1377 1028 1434 horum
1050 1380 1182 1434 virorum
1202 1395 1270 1434 sen·

230 1468 324 1527 tentia
340 1461 529 1520 recedendum
544 1479 607 1517 csse
623 1474 701 1519 certo
719 1464 929 1535 comperisset,
950 1464 1115 1519 accuratius
1136 1462 1183 1534 id,
1205 1463 1291 1536 opi··

230 1572 302 1625 nor,
320 1559 351 1604 et
374 1548 540 1605 distinctius
561 1544 752 1625 declarasset:
774 1549 942 1621 praesertim
960 1565 1047 1622 qurum
1064 1548 1095 1601 iu
1113 1564 1145 1600 rc
1165 1545 1270 1602 admo-

230 1638 298 1695 dum
322 1634 395 1705 leri‚
415 1649 488 1708 quae
508 1632 634 1706 pertinet
651 1632 688 1689 ad
703 1631 779 1691 idem
793 1632 959 1706 exeurplsr,
981 1633 1104 1688 eliorum
1119 1640 1270 1688 auctorum
1304 1692 1307 1711 ἰ

228 1719 427 1782 narrationem
442 1714 634 1773 emendasset.

314 1800 399 1869 Quod
419 1819 507 1876 quum
528 1799 571 1857 ita
590 1802 644 1872 sit,
665 1817 728 1858 rem
744 1799 878 1872 relinquo
894 1798 1019 1855 ulterius
1034 1796 1270 1871 perscrutandam

229 1889 287 1960 iis,
303 1902 428 1960 quorum
448 1882 545 1941 studio
565 1886 751 1960 antiquorum
769 1876 977 1957 exemplarium
993 1884 1092 1957 copiae
1110 1881 1268 1942 demanda·

229 1979 369 2032 taesunt.

313 2057 347 2117 2.
378 2050 538 2110 luterim
557 2050 738 2126 principatus
758 2060 857 2108 manet
878 2068 966 2125 penes
986 2049 1119 2108 ›ildum
1143 2047 1268 2109 Hanu-

230 2142 342 2210 tium‚
370 2138 421 2213 qui
442 2132 706 2213 Theogoniam
724 2155 789 2192 cum
808 2138 927 2209 reliquis
947 2133 1109 2193 Hesiodi
1130 2137 1270 2192 carmini·

230 2225 284 2284 hus
302 2231 437 2280 accurate
450 2229 480 2275 ct
494 2219 644 2292 splendide
656 2220 748 2278 edidit
769 2220 948 2278 Venetiis
972 2222 1058 2276 initio
1077 2222 1148 2277 areni
1168 2220 1267 2281 1495.

232 2308 397 2368 Subiuncta
419 2302 534 2378 quidem
555 2317 624 2361 sunt
644 2304 715 2361 haec
744 2308 872 2362 carmina
893 2301 1077 2375 Theocrito,x
1102 2302 1269 2382 Theognidi

230 2412 265 2454 sc
282 2391 415 2466 reliquiis
437 2390 588 2446 nonnullis
606 2391 806 2466 gnomicorum
825 2400 975 2464 poetarum
1000 2398 1029 2444 et
1043 2391 1074 2444 iu
1091 2406 1184 2446 unum
1203 2407 1267 2446 eum
1305 2428 1307 2433 -

230 2478 291 2539 illis
304 2492 409 2549 corpus
423 2484 539 2531 coacta:
560 2492 661 2532 verum
678 2484 813 2547 poterant
826 2475 946 2530 seorsim
962 2489 1074 2547 quaeque
1088 2470 1198 2534 haberi.
1221 2472 1268 2530 lu·
1305 2546 1307 2551 Ι

230 2563 331 2622 notuit
344 2578 390 2616 res
403 2575 440 2613 ex
451 2558 565 2632 aliquot
578 2557 801 2632 exemplaribus,
816 2576 888 2632 quae
904 2559 997 2613 solum
1015 2555 1172 2614 Hesiodum
1190 2576 1268 2614 coma

230 2642 427 2723 prehendunt:
446 2640 481 2697 de
495 2639 599 2714 quihus
611 2640 750 2699 dixerunt
760 2640 875 2702 Fahric.
891 2640 968 2699 Bidl.
979 2641 1033 2699 Gr.
1048 2639 1082 2698 T.
1093 2641 1130 2712 1.,
1142 2642 1266 2721 10591.
1303 2636 1307 2659 ⁸

231 2738 262 2787 et
276 2723 442 2786 Renouurd.
464 2725 485 2783 l.
501 2745 527 2783 c.
549 2723 584 2785 T.
605 2725 650 2797 I.,
665 2745 701 2805 p.
720 2727 773 2789 13.
815 2724 875 2782 Sed
896 2725 1015 2782 eandem
1033 2726 1141 2783 licebat
1154 2738 1215 2783 tum
1230 2736 1267 2784 e'x

231 2813 355 2872 consilio
374 2810 512 2866 editionis
535 2809 691 2887 colligere,
722 2819 785 2867 tum
809 2830 846 2867 ex
868 2812 904 2867 iis
925 2810 1036 2865 discere
1057 2811 1172 2880 verbis,
1193 2828 1267 2886 quac

230 2899 261 2956 ln
282 2895 385 2954 ultimo
406 2893 479 2950 10110
497 2905 632 2970 exstant,
653 2913 670 2951 0
691 2896 834 2971 plerisque
854 2897 1066 2969 praetermissa:
1091 2893 1129 2953 Iu
1144 2894 1200 2952 doe
1215 2913 1268 2953 oo·

229 2977 616 3042 lumioecoutiueuturdcec
626 2998 637 3035 .·
655 2977 780 3037 Hesiodi
788 2980 916 3036 Ascraei
922 2988 1032 3056 postue
1046 2978 1267 3054 Theogonia-

228 3067 373 3145 Aspis-
388 3063 600 3137 Georgicorum
615 3063 686 3121 libri
697 3065 760 3122 duo.
804 3064 933 3135 Accedit,
952 3053 1031 3138 'quod
1043 3064 1182 3121 foliorum
1194 3081 1267 3139 qua·

228 3150 377 3208 terniones
396 3165 455 3203 000
472 3146 573 3203 iisdem
589 3167 640 3223 per
654 3157 748 3205 totum
763 3149 867 3205 librum
884 3150 1050 3224 consignati
1064 3158 1134 3204 sunt
1151 3150 1265 3209 litteris.

227 3232 303 3291 Num
318 3234 384 3289 aliis
399 3223 574 3289 'l'heocritea
589 3241 690 3290 notata
705 3242 788 3307 suut,
812 3235 877 3290 aliis
896 3231 1054 3303 Hesiodea,
1075 3234 1141 3289 aliis
1156 3235 1266 3310 reliqua

229 3319 368 3376 carmina.

312 3399 419 3456 Parata
440 3406 536 3453 uutcm
558 3398 593 3454 ab
614 3397 708 3456 dldo
730 3409 800 3457 sunt
820 3397 1073 3478 Theogoniae
1092 3401 1265 3478 exemplaris

229 3502 293 3541 eam
316 3483 352 3540 ob
373 3499 509 3550 eausam,
544 3481 622 3558 quod
652 3482 830 3557 Baptista
858 3484 1069 3558 Guarinus3
1107 3485 1175 3542 Aldi
1198 3486 1263 3542 olim

229 3577 414 3647 praeceptor,
437 3576 548 3639 peteret
571 3586 621 3639 ea,
650 3569 889 3645 interpretaturus
908 3588 1023 3626 corruen
1046 3569 1159 3645 publice
1178 3567 1263 3627 discl-

228 3652 304 3728 pulis
325 3651 398 3708 suis.
443 3648 477 3710 V.
497 3650 563 3707 didi
582 3652 801 3726 praefationem.
844 3651 955 3710 Docuit
971 3655 996 3709 is
1011 3653 1165 3711 Ferrariae
1179 3671 1261 3732 grae·

229 3752 279 3794 000
294 3736 443 3801 stlatiuus
462 3735 576 3791 litteras
590 3754 695 3813 errogno
711 3737 858 3794 hominum
873 3739 992 3811 plausu,
1017 3756 1051 3794 00
1067 3738 1201 3796 initiata
1216 3757 1261 3795 ae·

228 3828 288 3878 tute
303 3818 334 3878 in
350 3816 463 3895 publice
479 3821 659 3897 perlegendis
674 3822 863 3897 scriptoribus
878 3825 955 3880 inter
971 3823 1127 3897 principes.
1166 3823 1201 3879 V.
1211 3822 1259 3881 151.

228 3901 351 3981 Gyrald.
367 3903 404 3960 de
412 3905 511 3979 poetis
527 3923 607 3960 succ.
625 3914 749 3984 tempor.
764 3908 837 3965 diul.
854 3906 902 3976 1.,
920 3924 952 3984 p.
972 3907 1051 3968 535.
1067 3904 1106 3963 Ρ.
1122 3907 1169 3967 ed.
1184 3904 1261 3984 Lag·

225 3990 295 4047 deu.
339 3986 440 4061 ltaque
458 4003 545 4060 quum
563 3991 717 4061 plurimum
734 3995 888 4048 interesset
902 3990 1046 4064 Guariui,
1068 3989 1177 4050 scholis
1204 3990 1259 4050 suis

224 4073 397 4148 exemplario
418 4073 513 4146 pareri
533 4090 619 4146 quum
641 4076 890 4148 emendatissima,
911 4075 998 4132 100110
1019 4076 1125 4152 aliquis
1147 4076 1179 4131 in
1200 4088 1260 4132 east

222 4158 386 4230 opinionem
407 4154 507 4212 induci
529 4159 622 4232 possit
630 4202 640 4234 ,
667 4170 700 4217 ut
717 4158 918 4238 Theogoniam
933 4160 970 4216 ah
987 4158 1062 4217 dldo
1078 4158 1115 4218 ad
1133 4158 1259 4218 codicem

222 4240 258 4297 ab
277 4239 408 4300 Guarino
428 4242 606 4320 castigatum
625 4258 790 4321 expressam
807 4260 871 4304 csse
891 4243 1056 4305 arbitretur·
1088 4241 1257 4315 ,Fstcndrsi
