2626 4882
128 326 185 403 ια
395 333 455 395 nn
482 331 649 395 nunno.
675 330 903 394 runooou.

293 487 413 576 acpt'
431 487 486 556 h'c'
503 487 628 574 ἤπειρος
646 485 773 554 πολλὰ
791 486 907 573 τρέφοι.

131 581 266 643 Ceterum
281 579 386 655 reliqui
404 588 507 653 poetae
524 595 644 648 omnes,
666 577 717 650 qni
738 575 858 635 mudena
877 584 1086 652 expresserunt
1102 593 1164 635 serr·

129 670 269 741 tentiam,
289 664 389 723 multis
403 673 499 720 autem
512 662 620 735 placuit
640 679 694 730 ca,
712 678 742 722 v.
765 655 890 720 πολλά
913 663 1021 733 pariter
1037 669 1164 736 prseter-

129 757 289 821 raiserunt,
310 756 409 822 utpote
424 750 520 805 minus
536 743 718 804 commodam
734 747 875 802 sermonis
895 744 1041 803 facilitati.
1085 744 1120 803 V.
1137 743 1162 803 i.

128 835 274 896 Homer.
288 833 365 904 30„
388 831 514 901 2-4.,
535 830 686 887 Alcman
704 847 753 906 ap.
768 828 862 906 Apoll.
880 827 970 906 soph.
990 828 1067 887 Lex.
1085 827 1163 887 Hoss.

124 939 161 1002 p,
168 922 250 982 408.
263 936 288 975 s.
300 934 329 974 ο.
341 908 495 988 κνώδαλα,
504 914 609 988 script.
622 916 747 990 aenigm.
756 931 806 990 ap.
816 911 922 971 Athea.
931 909 983 983 Χ,
990 930 1025 990 p·
1034 915 1081 975 45
1090 911 1165 988 ΗΣ,

129 1015 217 1080 poeta
233 1003 290 1059 inc.
310 1017 392 1074 quem
405 1001 580 1074 perstrinxit
594 995 727 1054 Clemens
737 997 896 1058 lllcxsadr.
912 995 1048 1072 Paedsg.
1061 998 1123 1070 11„
1137 1000 1164 1059 l.

124 1107 161 1169 p·
187 1086 265 1151 164.
284 1081 416 1157 Portam,
446 1084 549 1151 Quint.
573 1079 694 1157 Smyru.
717 1081 862 1143 Posidorus.
891 1082 937 1154 3.,
961 1083 1044 1143 692.
1063 1082 1096 1143 3.
1117 1086 1164 1154 8.,

128 1173 211 1236 466.
227 1188 285 1248 ιρ.,
307 1169 422 1243 aliique

213 1253 248 1314 v,
265 1253 345 1314 677.
359 1252 410 1309 uhi
423 1243 624 1332 προφρονέως
636 1246 714 1322 apud
734 1247 869 1306 Aldum
889 1266 953 1306 cam
967 1250 1164 1307 enuntiatione

130 1339 263 1412 sequenti
281 1336 468 1414 coniugatum
492 1344 571 1406 erat,
593 1331 759 1407 Stephanus
782 1332 813 1390 id
835 1332 912 1391 vidit
934 1351 986 1389 nec
1005 1335 1162 1399 sententiae

128 1440 223 1498 neque
241 1420 370 1479 numeris
392 1437 455 1476 esse
476 1429 585 1494 aptum.
632 1415 733 1491 ltaque
750 1436 820 1477 rere
840 1416 913 1475 illud
934 1436 972 1474 ex
1004 1414 1161 1476 Trinas-

128 1506 226 1566 rslli
239 1503 297 1562 fide
311 1522 376 1561 cum
389 1502 572 1577 praecedenti
588 1518 676 1559 versa
689 1503 843 1576 copulsvit.

211 1589 247 1650 V.
264 1589 344 1652 748.
364 1585 525 1644 Aldinae
540 1586 701 1661 scripturae
719 1584 973 1643 mendosissimae:

297 1666 467 1744 ὅθινῦξτε
485 1667 536 1731 καὶ
555 1662 707 1749 ἡμέραι
728 1664 882 1731 πάσσον
900 1668 1013 1744 ἰοῦσαι,

130 1759 271 1834 praetulit
293 1756 651 1815 Trincavellinam:

296 1835 352 1902 im
367 1834 423 1911 νύξ
437 1860 470 1899 τε
484 1836 535 1897 καὶ
556 1831 680 1919 ἡμέρα
701 1832 828 1915 ἀμφὶς
847 1834 959 1898 ἰοῦσαι.

128 1924 169 1983 At
183 1925 215 1983 in
233 1921 288 1980 hoc
304 1922 418 1998 quidem
434 1921 603 1979 discrimine
618 1939 679 1979 nan
695 1922 860 1998 ambiguum
879 1939 943 1977 csse
964 1928 1081 1995 poterat
1091 1920 1163 1987 iudi·

128 2013 214 2066 cium.
256 2007 363 2065 Verum
380 2003 543 2082 Stephanus
558 2005 626 2062 edit.
643 2006 793 2063 Parisinus
814 2005 976 2079 codiciequa
993 2007 1161 2077 scripturam

23 2086 25 2091 ¹
128 2081 254 2152 ἆσσον
276 2089 380 2152 ἰοῦσαι
401 2100 430 2146 ct
445 2088 530 2147 norit
545 2085 657 2166 (posuit
671 2092 749 2146 enim
761 2091 793 2146 in
808 2092 961 2167 margine),
984 2098 1014 2145 et
1028 2089 1078 2147 iili
1089 2098 1163 2163 post-

127 2174 238 2233 habuit.
279 2173 341 2232 Nec
363 2176 427 2231 sine
450 2191 572 2251 magno,
600 2182 634 2230 ut
654 2174 790 2245 videtur,
818 2178 979 2230 sententiae
1007 2171 1162 2231 commodo.

127 2256 204 2317 Nam
221 2275 309 2331 quum
324 2258 430 2332 duplex
445 2259 561 2314 illorum
575 2257 730 2317 verborum
746 2253 845 2338 ἀμφὶς
869 2257 970 2319 ἰοῦσαι
992 2259 1084 2313 statui
1103 2275 1165 2332 pos·

129 2344 169 2401 sit
189 2344 351 2413 sententia,
373 2343 466 2400 altera
486 2343 663 2416 speciosior,
683 2352 718 2399 ut
739 2340 842 2399 Noctis
864 2352 894 2398 et
916 2339 984 2398 Diei
999 2341 1081 2399 vitae
1099 2358 1165 2398 can·

129 2426 271 2485 ditionem
292 2426 460 2484 describant
484 2428 665 2504 generatim:
686 2444 762 2504 quse
785 2427 934 2484 diversam
950 2426 1030 2481 niam
1049 2434 1167 2502 tenest5

129 2513 222 2568 altera
240 2519 270 2567 et
284 2512 347 2587 ipss
369 2529 429 2568 nan
450 2510 650 2582 incommoda,
671 2522 704 2568 ut
726 2512 823 2584 aptius
839 2510 928 2567 verba
940 2509 1054 2566 faciant
1065 2508 1103 2566 sd
1118 2528 1167 2567 ex-

125 2594 263 2671 plendam
286 2595 490 2670 descriptionis
516 2596 759 2653 concinnitatem:
790 2612 866 2672 qaue
885 2596 917 2651 ιἰι
938 2594 1072 2651 diversos
1088 2594 1167 2652 loeas

128 2681 269 2755 tendant3
298 2697 470 2754 quamquam
494 2678 530 2735 de
550 2679 722 2736 alterutrius
751 2679 932 2753 praestantia
956 2677 1164 2751 quodammodo

127 2762 274 2841 ambigere
292 2762 373 2835 licet,
385 2772 508 2837 unaque
521 2773 620 2819 tamen
632 2781 699 2837 praa
715 2765 772 2820 ista
786 2764 930 2835 scriptura
945 2749 1042 2822 ἆσσον
1055 2758 1166 2837 doinus,

127 2864 202 2923 quae
218 2847 433 2918 simplicissima
451 2847 623 2919 antiquitate
639 2847 798 2918 simplicior
814 2857 879 2919 est,
901 2847 1083 2918 aliquantum
1106 2864 1167 2905 sese

127 2928 318 2989 commendat.
360 2930 481 2988 Accedit
500 2939 619 3002 autem,
640 2929 717 3004 quod
739 2928 880 3004 Stephani
900 2930 1039 2987 iudicium
1066 2932 1169 2988 nititur

123 3015 160 3072 in
189 3011 315 3072 Sahal.
341 3011 567 3092 Cantabrig.
600 3016 788 3089 suctoritate,
824 3032 912 3090 quana
937 3016 1013 3071 male
1045 3013 1169 3073 detorsit

128 3096 336 3159 Graevius.

211 3182 246 3240 V.
259 3184 338 3245 851.
361 3178 529 3256 Stephanus
546 3203 584 3241 ex
596 3181 622 3241 T
632 3183 846 3243 riacavelli
864 3183 1010 3240 sententia
1024 3183 1165 3258 reposuit:

225 3263 355 3344 Τιτῆνές
368 3259 659 3349 θ’ὖποταρτάριοι,
676 3260 836 3347 Κρόνον
854 3261 953 3350 ἀμφὶς
965 3259 1086 3344 ἰόντες,

127 3349 237 3423 pariter
249 3359 335 3424 atque
351 3349 391 3408 11.
409 3349 437 3422 ξ,
451 3352 532 3413 273.
545 3370 590 3429 sq.
610 3352 659 3409 cll.
671 3353 752 3414 278.
767 3351 818 3412 9.:

750 3433 803 3495 i'vu
817 3430 890 3496 νῶΐν
905 3428 1040 3504 ἅπαντας

127 3596 146 3654 d
166 3599 173 3614 ι
197 3503 437 3662 ιριάιρτοροέὲῧδθ
449 3513 479 3579 oi
497 3511 603 3602 drap-is
615 3516 704 3594 θεοὶ,
728 3511 885 3602 Κρόνον
905 3514 1004 3599 ἀμφὶς
1017 3511 1130 3594 ἰόντες,

147 3616 231 3655 erne
279 3621 319 3660 .ο
419 3617 441 3658 .:

210 3681 297 3761 οἵπερ
312 3640 451 3763 ιίἐρτεροί
461 3683 518 3747 εἰσι
533 3683 603 3748 θεοὶ
611 3731 621 3762 ,
644 3679 803 3770 Κρόνον
820 3680 919 3765 ἀμφὶς
934 3678 1043 3758 ἰόντες.

128 3762 334 3841 scantentes,
355 3770 479 3842 opinor,
498 3787 586 3847 qnam
599 3781 678 3829 esset
696 3774 827 3846 ineptum
848 3769 1042 3828 Aldinum:

190 3906 211 3915 ..
635 3855 670 3916 Κ
678 3849 796 3936 ρόνοο
814 3851 913 3938 ἀμφὶς
931 3847 1045 3927 ἐόντες.

129 3933 213 4002 Quod
228 3936 287 3999 alia
300 3936 366 3992 loco
377 3937 588 4017 illustrabimur
608 3944 784 3998 accuratius.

210 4020 245 4077 V.
263 4020 345 4085 980.
363 4037 450 4095 qaum
463 4024 544 4080 nulla
557 4028 702 4083 sententia
714 4025 792 4099 apud
812 4022 947 4083 Aldum
967 4033 1062 4081 esset:

249 4100 435 4183 puphein’dv
447 4099 590 4186 φιλότητι
605 4100 847 4190 πολυχρύσῳ
864 4105 995 4190 cippati
1004 4107 1085 4190 ι’τῃ,

23 4238 26 4243 .
126 4200 193 4241 verc
212 4206 250 4245 ex
272 4184 530 4249 'l'riuaavello
555 4190 635 4251 dedit
646 4185 843 4273 πολυχρύσου
864 4189 1046 4276 ἀφροδίτης.
1085 4191 1171 4261 Quod
