2626 4882
462 880 554 959 ΟΛ
579 882 613 958 Ρ
636 884 674 959 V
698 884 735 959 'l'
786 884 838 958 X.

282 1048 461 1105 couux
500 1044 1024 1115 conresuroluusrs.

510 1248 793 1265 m

3 1450 10 1457 ·
128 1402 266 1482 codex
284 1420 627 1500 Centobrigiensie
651 1418 857 1479 Guisiordi
878 1429 1030 1498 quatenus
1048 1439 1112 1479 cun
1126 1440 1168 1480 rs·

128 1512 216 1585 liquis
238 1507 321 1564 libris
342 1509 373 1564 iu
397 1507 539 1563 bonorum
562 1525 597 1563 ec
623 1524 778 1581 preroruru
810 1508 1051 1564 communionem
1079 1508 1168 1564 reniet

128 1612 218 1670 quum
238 1610 326 1665 supro
345 1591 457 1649 idoneis
480 1592 619 1664 exemplis
641 1590 776 1666 deinceps
798 1589 1036 1647 demonstreturu
1054 1591 1103 1662 sit,
1119 1608 1166 1647 ss·

128 1687 228 1755 petest
249 1695 336 1733 unum
357 1675 445 1744 iilud,
475 1684 508 1730 ut
530 1675 630 1748 peuuis
652 1677 843 1749 commertar,
870 1674 940 1750 quid
962 1674 998 1731 de
1024 1677 1081 1746 iis,
1100 1690 1165 1748 quse

130 1763 295 1840 singularia
315 1760 426 1833 sibique
442 1758 529 1817 hebet
548 1763 665 1833 proprie
689 1759 901 1834 discrepantiae
921 1778 1056 1837 genere,
1077 1760 1169 1837 siege·

131 1848 216 1906 letiru
231 1846 322 1901 stetui
339 1843 452 1901 debent.

212 1928 342 1985 Primurn
366 1926 615 1985 commemorende
640 1944 675 1982 ee
701 1938 770 1985 sunt
795 1926 1015 2001 discrepentieo
1037 1928 1170 2001 exemplu,

129 2030 253 2090 quorum
278 2013 386 2068 notitiu
417 2014 474 2068 iens
495 2010 612 2069 eliunde
632 2010 669 2067 ed
691 2030 745 2069 nos
768 2014 909 2085 pervenit.
962 2008 1014 2067 Sic
1044 2029 1076 2070 c.
1099 2011 1168 2073 593.

129 2097 248 2174 preebet
263 2095 355 2152 codex
373 2088 605 2176 ἀσύμφορα,
628 2095 704 2169 quod
728 2113 764 2152 ex
779 2092 856 2151 lunt.
878 2100 906 2157 l.
927 2096 1073 2168 opposuit
1093 2096 1168 2155 Geir

128 2182 248 2254 fcrdus;
271 2183 301 2237 in
325 2198 381 2255 quo
403 2190 497 2236 tumen
521 2181 692 2254 principium
709 2188 787 2235 certe
801 2180 936 2236 vitietum
951 2179 1020 2236 fuit.
1066 2178 1167 2238 boso

128 2284 158 2325 v.
175 2266 256 2326 749.
279 2282 346 2319 cum
365 2254 463 2323 ἆσσον
487 2262 590 2324 ἰοῦσαι
616 2264 704 2320 hebet
734 2258 894 2339 ἀλλήλοις,
931 2266 1085 2340 geminum
1106 2260 1168 2321 iilud

128 2348 352 2408 Triccevelliuo
368 2339 531 2425 ἀλλήλαις,
550 2347 627 2421 quod
642 2351 769 2405 recentis
786 2348 909 2424 originis
932 2351 993 2405 ism
1014 2352 1166 2427 arguimus·

129 2432 263 2511 Denique
287 2451 315 2489 c.
335 2434 416 2495 606.
443 2430 493 2488 ubi
520 2430 604 2488 codd.
635 2434 741 2507 reliqui
767 2426 817 2490 ιλιά
847 2432 985 2510 κτῆσιν
1015 2428 1167 2495 δατέονται

129 2526 247 2591 tenent,
275 2515 445 2593 Centobrig.
466 2534 531 2571 cum
554 2512 721 2573 Stobeeo
750 2517 851 2574 intulit
885 2509 998 2594 ζωήν.
1050 2517 1166 2574 Αλεοεει

128 2612 226 2663 temen
248 2604 420 2678 scripturum
440 2611 502 2658 tum
522 2599 596 2657 iliud
618 2601 787 2671 confirmet,
814 2599 891 2675 quud
915 2603 947 2656 iu
977 2600 1049 2674 ipso
1076 2616 1166 2659 versut

127 2688 272 2765 principio
285 2685 433 2743 euteccdit
447 2680 531 2759 ζώει,
551 2694 614 2742 tum
634 2684 804 2742 corroboret
824 2682 980 2743 Homeri
997 2702 1074 2743 usus
1093 2685 1129 2746 lt.
1142 2706 1162 2761 ε,

128 2851 413 2998 cetemnfcfflm
429 2851 537 2995 (dbddd
555 2873 676 3013 ἀιτίἶλιάιι
683 2851 781 2996 :dadi1
783 2848 898 2995 dondteodi
914 2938 1082 3015 exemplum
1100 2939 1166 2999 istit

129 3035 175 3083 est
190 3022 295 3103 Οιίγεε.
310 3023 337 3096 ξ,
352 3024 450 3085 208·:

646 3101 694 3166 τοί
716 3101 750 3164 δὲ
771 3099 874 3183 ζωὴν
894 3096 1052 3168 ἐδάσαντο

253 3189 361 3263 παΐιλες
381 3181 559 3269 ὖνιίράομοι
583 3186 635 3249 καὶ
661 3186 709 3249 ἐπὶ
727 3183 859 3266 κλήρους
885 3181 1052 3265 ἐβάλοντο.

212 3272 347 3333 Proxime
367 3274 404 3331 ed
426 3273 529 3330 borum
550 3272 723 3349 dignitatem
748 3272 890 3329 ecoeduut
918 3290 1014 3347 peuce
1044 3292 1118 3351 quse
1135 3290 1167 3331 ex

128 3359 192 3418 solo
215 3362 275 3416 ienr
297 3357 530 3436 cantebrigiensi
552 3359 643 3431 petite
666 3366 747 3412 sunt:
769 3375 796 3413 ο.
814 3358 893 3418 622.
910 3356 1003 3415 codex
1019 3357 1108 3417 bebet
1118 3378 1168 3438 με·

126 3434 231 3527 γάλοις
251 3441 283 3501 ἐν
307 3442 428 3522 πείρασι
446 3439 535 3520 γαίης
556 3458 608 3515 pro
628 3433 772 3521 μεγάλης.
822 3439 995 3498 Emendatio
1017 3445 1114 3517 petits
1130 3451 1169 3501 est

128 3544 166 3583 ex
180 3544 208 3583 ο.
225 3526 304 3586 334.
324 3527 353 3586 5·
381 3521 416 3597 ἀς
435 3525 563 3606 ἐρεμνῆς
584 3521 708 3586 κεύθεσι
726 3523 832 3605 γαίης,
863 3523 1004 3604 πείρασιν
1028 3524 1063 3587 ἓν
1080 3520 1168 3607 μεγά-

126 3611 193 3681 λοις
210 3619 240 3667 et
252 3611 407 3667 multorum
423 3628 570 3667 esseusum
586 3612 696 3667 tulerit.
709 3641 749 3653 -
770 3609 797 3668 V
796 3649 803 3663 ·
821 3610 899 3670 781.
917 3628 970 3686 pro
985 3606 1169 3692 ἀγγελίης

127 3704 180 3754 eut
202 3690 369 3775 ἀγγελίη
397 3691 481 3751 Ceut.
505 3694 623 3770 preebet
645 3689 812 3771 ἀγελίην
840 3692 891 3773 (b.
917 3711 941 3749 e.
963 3690 1168 3774 ἀγγελίην)

126 3782 283 3841 πωλεῖται.
328 3775 379 3834 Sic
400 3776 582 3837 Homerus
602 3778 642 3838 11.
661 3778 691 3849 d,
709 3778 789 3840 384.
809 3779 839 3854 λ,
862 3777 940 3840 140.
963 3788 994 3836 et
1015 3779 1168 3838 secundun

127 3864 305 3939 exemplerio
321 3861 551 3920 Zenodotee
572 3860 611 3922 11.
626 3885 653 3936 o,
670 3863 765 3923 640.:

253 3943 445 4027 ἀγγελίην
468 3943 656 4024 οἴχνεσκε
677 3939 945 4028 βίηἩρακληείη.

125 4027 260 4107 Denique
278 4032 408 4105 pertinet
426 4028 482 4089 buo
496 4029 706 4106 quodammodo
724 4049 752 4087 c.
769 4031 848 4091 673.
871 4027 919 4089 ἐπὶ
938 4032 1166 4110 στιβαροῖσι

126 4111 347 4192 μελέεσσιν.
392 4113 500 4172 Debuit
519 4115 657 4172 librarius
681 4123 732 4172 eut
762 4110 812 4174 ἐπὶ
837 4116 1000 4195 στιβαροῖς
1016 4114 1170 4191 μελίεσσα-

127 4199 274 4273 soriberc‚
296 4198 374 4276 quod
387 4198 460 4259 Hcs.
481 4196 558 4275 Opp.
574 4199 654 4263 148.
669 4198 702 4257 iu
715 4200 838 4275 exempl.
851 4197 938 4271 Md,
959 4196 1053 4274 lunt,
1075 4197 1165 4257 Triue.
