2626 4882
382 332 461 395 ΗΒ.
487 328 546 399 ΙΙΙ.
597 330 690 401 CAP.
715 331 792 397 xu.
1033 327 1107 397 509

61 498 209 569 Quoeiraa
218 495 357 556 irasesrin
371 496 489 554 saniora
495 491 570 572 Lydi
583 492 683 554 aoiiea
695 510 780 554 asam
793 493 884 555 aas·
898 496 1032 557 aoniisio.
1051 492 1108 555 Ce-

61 598 157 643 terum
171 581 304 659 equidem
320 583 373 641 vix
387 599 433 639 me
449 580 599 639 continere
614 598 741 655 possum,
754 581 826 658 quite
842 581 917 638 istos
930 599 1033 640 versus
1046 600 1108 641 non

59 668 224 748 genuinos,
245 664 297 722 sed
318 674 451 723 recenter
473 664 596 723 sivest
619 663 721 741 Lydo
740 667 805 722 sive
825 663 862 722 ab
883 668 1108 724 vetustiore

61 771 164 832 gran
173 769 224 809 ma
234 752 314 809 tiao
341 738 482 808 ooniiotos
502 746 687 823 Hesiodoque
699 747 831 805 sabditos
844 766 909 805 esse
923 742 1107 810 contendant.

60 838 154 896 Valde
173 837 250 894 enim
271 831 409 906 offendit,
433 832 512 910 qaod
530 831 725 891 memorabilis
745 831 816 889 haee
834 832 934 892 fabule
952 833 989 892 ab
1008 835 1108 911 probis

60 932 93 981 et
106 921 238 997 antiquis
256 917 447 992 scriptoribus
469 934 612 994 nusquam
635 935 671 975 ex
691 915 813 975 Hesiodi
833 936 919 993 opere
936 929 1108 996 exprompta

61 1016 118 1066 est.
162 1003 399 1079 interpolationis
412 1003 490 1061 ratis
504 1001 660 1061 nsaniissto
675 1019 711 1060 ea
723 1011 785 1073 est,
806 1011 841 1059 ut
857 1000 986 1062 Grasoos
1001 1002 1109 1063 Roma·

61 1102 176 1165 nosque
197 1089 374 1167 cognatione
391 1087 526 1161 proxima
546 1088 664 1145 iunctos
686 1086 779 1145 inissa
802 1082 1000 1146 honestissimi
1025 1098 1055 1145 et
1074 1091 1108 1148 in

62 1173 119 1234 hae
140 1175 262 1232 materia
283 1171 526 1246 praestantissimi
545 1172 675 1229 auctoris
695 1171 862 1230 testimonio
889 1173 1107 1249 comprobetur.

61 1257 177 1318 Deinde
196 1268 260 1316 tuto
274 1257 390 1314 institui
406 1258 458 1316 ilia
475 1262 591 1331 poterat
608 1275 643 1314 eo
658 1259 801 1333 tempore,
822 1272 879 1331 quo
898 1255 976 1316 fama
992 1257 1108 1334 quidem

63 1343 260 1403 obduraverat
272 1343 430 1416 carminis,
446 1358 516 1401 usus
530 1358 601 1403 raro
614 1349 667 1402 aut
676 1341 781 1419 paneis
795 1348 847 1399 aut
858 1342 970 1402 nemini
983 1344 1108 1422 amplius

62 1439 131 1489 erat
145 1442 313 1489 contestat.
