2626 4882
459 358 779 422 PRAEFATIO.
1083 374 1142 420 ιιιι

85 552 129 603 ιο
154 533 284 618 louge
309 542 354 595 et
383 525 619 613 pleniorem
644 539 794 593 neutra
822 538 862 591 et
887 527 1142 593 emendatio·

87 659 177 704 ram
206 637 320 700 iuter
355 630 546 696 Graeeor
573 627 880 716 praevaluitae
914 631 1142 696 oontenda·

89 761 178 806 rnue
211 738 418 803 terminia
449 735 744 810 traditionem,
779 729 863 797 nihil
890 733 956 796 iant
981 732 1139 820 reliquum

89 859 160 920 eat,
177 842 242 904 niti
256 854 293 904 ut
309 859 417 904 nouo
432 838 561 903 dentum
579 835 753 902 eaeeulo
767 837 959 900 instauratio
972 835 1140 922 paullatim

88 947 240 1030 Byzantii
255 941 434 1008 litterarum
447 944 650 1027 antiquarum
664 940 779 1005 studiis
795 937 1037 1003 hodiernam
1052 940 1139 1005 lere

89 1049 373 1134 Theogoniae
392 1046 581 1110 dormant
607 1045 890 1110 eonrtitntarn
917 1063 964 1108 ae
990 1064 1141 1128 perpo-

87 1155 211 1219 litam
234 1151 380 1214 fuiate
403 1161 570 1244 penatum
603 1146 822 1213 Profieiaeitut
836 1159 945 1209 autern
965 1146 1140 1232 disputatio

88 1256 242 1342 inprimit
266 1275 313 1318 ex
335 1272 393 1329 eo,
425 1251 511 1337 qued
543 1254 684 1316 omnia
715 1248 995 1336 'l'beogonina
1025 1249 1141 1314 reho-

86 1360 339 1442 liornmque
391 1358 665 1440 antiquorum
707 1351 976 1438 exemplaria
1023 1372 1153 1419 manu.

89 1464 257 1544 ueriptu
278 1480 331 1524 ex
363 1478 443 1522 uuo
478 1458 712 1543 eodemque
740 1456 892 1521 eodiee
925 1457 1142 1541 originem

89 1567 332 1630 duxeruut:
358 1581 455 1646 quam
471 1561 601 1646 quidem
619 1582 688 1624 rem
703 1580 749 1624 ex
763 1557 874 1623 indole
890 1563 990 1623 tetius
1007 1580 1143 1644 appara·

90 1685 146 1734 tna
169 1668 276 1732 oritiei
294 1664 379 1729 adeo
402 1660 499 1727 nobit
523 1664 670 1729 videmur
693 1676 985 1741 eommouetrasse,
1017 1676 1051 1725 ut
1073 1663 1144 1725 uni·

92 1791 214 1835 verena
233 1768 443 1853 disputationi
466 1782 621 1853 tauquam
649 1764 873 1830 firmissimum
897 1764 1141 1830 fundamentum

101 1870 244 1937 substrui
270 1883 360 1938 eerte
390 1872 505 1954 poerit.
563 1869 757 1934 Primarium
790 1869 892 1955 igitur
926 1866 1142 1955 Theogoniae

94 1971 283 2060 exemplet,
309 1974 363 2040 eni
385 1971 540 2038 debonat
561 1974 833 2058 pretiotissimum
855 1970 918 2036 boe
941 1973 1143 2058 antiquitatis

92 2089 358 2156 mouumentum,
382 2096 423 2141 eo
443 2091 672 2162 temporeque
692 2074 872 2141 litterarum
888 2071 1084 2139 Graecamm
1110 2088 1143 2141 et

90 2182 245 2267 inprimit
263 2193 432 2266 poetarum
448 2180 745 2245 -uetuetietrimorum
767 2177 909 2242 ttudium
923 2175 1073 2262 Byzantii
1088 2192 1144 2243 aut

92 2284 251 2350 deficeret
275 2302 407 2368 proram
432 2298 489 2347 aut
510 2303 611 2367 prope
641 2295 729 2346 eruet
754 2278 878 2346 nullum
903 2279 935 2346 h.
960 2303 990 2345 e.
1010 2279 1142 2349 merulo

91 2390 236 2474 neptium
255 2399 289 2450 et
309 2399 425 2452 eotuvo
441 2387 684 2463 torte-ionum
705 2398 950 2464 conservatum,
976 2398 1052 2469 port
1073 2384 1144 2449 ido·

91 2511 193 2557 neum
206 2490 333 2554 invonit
346 2490 588 2554 aestimatorem
609 2504 643 2554 et
661 2486 704 2551 ab
717 2489 851 2553 interitu
870 2488 1066 2553 vindicatum
1082 2501 1144 2554 eet.

94 2594 231 2658 Interim
246 2613 311 2656 nou
327 2593 458 2657 uniente
474 2590 536 2656 hoe
550 2593 690 2658 dixerim
710 2606 786 2656 tune
802 2588 980 2656 obduratae
994 2592 1145 2657 fortunae

92 2699 255 2762 iniurius
280 2693 374 2780 plura
383 2711 483 2760 erant
493 2696 637 2761 dertusae
654 2709 800 2760 rervutat
827 2694 886 2759 ted
905 2717 1002 2782 quum
1025 2696 1144 2761 frustra

95 2801 361 2885 exspectaverint
381 2801 625 2883 reanimarem,
652 2797 820 2883 paullatim
845 2803 1026 2882 petierunt:
1056 2798 1146 2862 vida·

94 2905 175 2968 lieet
188 2902 367 2967 litterarum
384 2903 493 2967 rtudia
504 2899 654 2985 Byzantii
668 2915 747 2967 tuue
762 2905 970 2987 a‘perpaneia
984 2899 1145 2988 regeban-

100 3022 171 3080 tur,
194 3026 293 3088 peuee
313 3025 396 3090 quoe
418 3026 580 3071 nummum
601 3018 689 3069 etaet
712 3003 872 3089 probandi
900 3003 1146 3089 improbandive

100 3106 278 3182 arbitrium.
330 3105 415 3174 llldd
435 3122 544 3175 autern
567 3109 652 3193 quod
675 3107 821 3171 diximus
836 3105 1007 3193 exeruplar
1026 3111 1145 3193 prima·

95 3216 181 3276 rium
205 3233 303 3298 quum
328 3233 386 3296 per
409 3209 544 3298 longum
565 3232 724 3276 annorum
740 3212 879 3295 epatium
895 3209 1016 3277 alieubi
1029 3212 1147 3277 iaeuie·

95 3331 150 3380 eet
178 3317 354 3394 intumum,
391 3320 509 3401 partire
536 3335 741 3381 eommnuem
764 3311 823 3378 illa
842 3316 977 3402 regione
999 3313 1146 3380 eodieum

85 3440 195 3507 ‚mauu
210 3419 401 3502 aeriptorum
418 3422 605 3503 nonpotuit
616 3421 740 3484 evitare
756 3431 895 3483 nortem:
918 3420 1037 3505 quippe
1052 3416 1146 3484 librit

97 3520 331 3588 eonuervaudit
345 3523 585 3608 iuipoitaimum
599 3520 669 3588 illie
684 3536 811 3597 oouetat
826 3542 899 3587 aare
921 3543 1048 3587 aerem:
1074 3543 1148 3607 par·

97 3628 156 3689 tim
174 3621 334 3710 singulari
347 3623 457 3711 alique
471 3626 647 3691 infortunio
661 3627 849 3690 infestatum
863 3625 967 3690 iniere
978 3623 1147 3711 probabile

100 3743 161 3792 eat.
210 3725 268 3792 Sie
282 3729 415 3804 aedidit,
429 3744 463 3794 ut
477 3749 541 3794 uon
558 3731 654 3794 modo
672 3733 790 3815 integri
805 3751 918 3794 verena
933 3751 1146 3815 versuumque

98 3828 277 3916 particulae
296 3829 363 3918 legi
387 3853 451 3896 non
480 3832 620 3917 amplier
644 3847 793 3918 putrent,
822 3855 933 3898 rernm
959 3835 1149 3898 exciderent

97 3936 199 3999 etiam
225 3931 347 4020 aliquot
368 3934 459 4000 folia.
511 3931 576 4010 Qut
600 3957 679 4001 vero
697 3958 774 4001 mox
793 3938 1037 4002 restaurandum
1053 3948 1148 4018 atque

98 4036 324 4122 castigandum
348 4037 412 4102 eibi
434 4055 641 4123 sumpserunt
663 4039 799 4120 librum,
824 4062 921 4126 quum
940 4059 999 4102 nee
1015 4040 1149 4123 ingenio

98 4163 160 4206 nee
183 4140 366 4207 eruditione
388 4164 449 4210 nee
463 4143 634 4229 prudentia
658 4142 873 4221 excellerent,
897 4161 968 4206 earn
983 4139 1151 4208 edolarunt
