2626 4882
199 359 227 404 x
571 347 883 413 PRAEFATIO.

199 512 271 581 uiue
292 533 412 600 magun
432 513 617 579 diucrimlne
641 519 700 581 uiti
724 533 844 604 queant
866 521 921 605 qui
944 516 1084 588 Hesiodi
1102 523 1243 585 carmine

196 616 241 681 ad
260 615 344 680 alius
366 621 569 703 antiquarum
590 618 768 684 litterarum
790 621 979 708 disciplinas
1003 625 1242 710 componendas

97 787 101 797 ,
198 720 404 785 ornandasve
421 724 468 786 uti
487 736 543 785 aut
560 720 649 786 abuti
664 723 776 788 velint.

197 870 202 877 -
270 821 402 888 Interim
423 846 521 910 quum
536 845 605 890 rem
618 829 760 893 ¹arduam
778 849 954 915 aggressus
973 830 1091 895 inerim
1111 851 1171 894 neo
1187 851 1243 893 ex·

194 927 356 1012 peditam,
383 928 539 993 ucuuulla
555 927 696 993 dubitari
710 952 775 994 non
791 944 899 1016 potent
915 936 992 1017 quin
1010 946 1065 996 aut
1080 931 1165 996 falso
1186 945 1243 996 ant

194 1052 311 1117 parum
333 1032 490 1096 concinne
512 1032 696 1118 disputasse
717 1035 844 1100 videar:
866 1057 949 1122 quae
973 1038 1100 1122 quidem
1123 1034 1164 1099 ab
1188 1057 1242 1099 ae-

196 1135 270 1220 quis
294 1132 457 1199 indicibus
480 1133 659 1222 placidius,
687 1158 802 1222 spero,
831 1160 870 1203 ac
891 1142 1063 1204 remissius
1089 1142 1240 1204 aestima-

195 1234 334 1318 buntur,
359 1250 532 1323 propterea
557 1240 644 1324 qnod
663 1242 834 1325 >primitias
866 1243 1046 1308 studiorum
1076 1242 1138 1306 bau
1165 1263 1241 1306 esse

195 1339 461 1426 significavimus.
512 1342 640 1407 Deinde
665 1365 762 1428 quum
787 1346 905 1432 ingens
929 1360 1058 1432 praesto
1082 1359 1171 1410 esset
1191 1347 1242 1409 rei

194 1445 326 1509 criticae
341 1459 515 1531 apparatus
530 1459 707 1532 sponteque
723 1462 911 1513 nasceretur
925 1471 1010 1514 noua
1024 1448 1240 1534 expromendi

194 1568 429 1633 saepenumero
454 1551 602 1629 occasio,
625 1547 817 1615 difficillimo
845 1553 1011 1638 digerendi
1036 1552 1242 1639 disponendi-

193 1672 256 1738 que
275 1655 406 1737 negotio
421 1653 560 1717 fortasse
581 1675 646 1716 uon
664 1675 793 1737 semper
811 1655 974 1741 fungebar
990 1676 1029 1719 ea
1044 1655 1237 1720 dexteritate

195 1756 358 1842 animique
376 1755 537 1842 agilitate,
564 1769 600 1820 ut
619 1770 652 1820 et
670 1756 898 1843 disputationis
914 1759 1006 1823 filum
1027 1757 1145 1843 ubique
1163 1777 1238 1820 oon-

195 1860 349 1943 spiciatur
364 1880 424 1923 nec
439 1858 611 1923 admodum
629 1859 802 1925 iniucunda
817 1861 962 1931 iactauit
975 1860 1080 1926 lectio.
1119 1856 1239 1933 Quam-

194 1959 308 2027 obrem
326 1973 361 2025 nt
378 1975 531 2048 qnantum
548 1963 584 2027 in
600 1959 696 2027 uobis
712 1964 755 2027 sit
768 1965 951 2029 medeamur
967 1961 1064 2038 malo,
1079 1983 1239 2025 summam

194 2067 502 2131 commentationum
526 2077 711 2128 nostrarum
735 2069 845 2151 paucis
870 2065 933 2132 boc
959 2063 1032 2129 loco
1057 2061 1240 2150 explicabi-

193 2188 284 2233 mus:
312 2169 362 2234 sic
381 2180 415 2233 et
433 2190 526 2255 quem
542 2165 645 2235 finem
657 2166 799 2234 habeant
814 2183 911 2255 atque
925 2189 1022 2233 urum
1039 2166 1126 2233 clare
1140 2189 1240 2252 appa·

118 2324 121 2329 .
191 2270 296 2351 rabit,
322 2285 354 2336 et
372 2274 422 2336 eis
440 2274 494 2359 qui
517 2270 707 2359 perlegendi
729 2271 806 2338 illas
824 2271 911 2337 haud
934 2283 1124 2339 aversentur
1145 2269 1238 2335 labo·

190 2396 262 2441 rom
280 2395 434 2461 magnum
456 2388 626 2440 enascetur
643 2376 854 2464 praesidium.

270 2475 364 2554 Quae
389 2479 511 2544 fuerint
537 2492 634 2544 aute
655 2476 1050 2561 Alexandrinorum
1073 2478 1238 2541 critico·

192 2602 277 2653 rum
296 2595 494 2660 aetatem,
516 2603 643 2670 exque
662 2595 750 2647 certa
768 2593 895 2647 constat
914 2602 1022 2645 rerum
1042 2578 1239 2645 Graecarum

191 2687 368 2762 memoria,
400 2683 677 2771 Theogoniae
698 2687 786 2766 fata,
827 2705 924 2772 quum
956 2683 1046 2748 nulla
1072 2697 1239 2747 asservata

192 2790 258 2854 siut
274 2791 465 2875 scriptorum
486 2790 693 2864 testimonia,
718 2790 896 2853 maximam
921 2800 1045 2872 partem
1066 2785 1239 2851 obscurum

192 2906 253 2959 eet.
300 2890 385 2956 lllnd
407 2914 484 2957 vero
508 2914 552 2955 ox
578 2892 708 2956 indiciis
737 2888 928 2977 quibusdam
960 2889 1047 2954 baud
1075 2885 1238 2975 ambiguis

192 3009 278 3065 certo
303 2994 477 3082 collegisse
502 2993 666 3076 videmur,
693 2995 778 3079 quod
802 3015 884 3080 quae
908 3007 984 3060 tnnc
1002 2990 1141 3057 obtinuit
1153 2995 1238 3056 iuter

97 3108 100 3115 '
190 3097 334 3164 Graecos
349 3099 504 3165 carminis
521 3098 627 3176 fama,
653 3119 719 3163 uon
742 3098 840 3162 modo
854 3095 1014 3161 hodierne
1028 3098 1098 3159 eius
1117 3097 1236 3180 specie,

152 3233 157 3242 ¹
190 3223 305 3268 verum
321 3223 361 3265 en
376 3203 465 3287 ipsa,
490 3223 586 3286 quam
604 3203 706 3267 critici
726 3199 944 3266 Alexandrini
971 3201 1041 3264 sive
1063 3196 1238 3284 probarunt

191 3308 262 3371 sive
278 3323 469 3390 acceperant
484 3306 652 3380 traditam,
675 3303 839 3389 aliquanto
858 3315 927 3368 erat
942 3301 1084 3367 uberior.

266 3406 542 3472 Grammatioi
565 3400 873 3486 Alexandrini,
910 3422 947 3471 ut
967 3406 1112 3484 videtur,
1138 3407 1240 3469 auti-

191 3512 372 3599 quissim
379 3512 412 3586 i,
433 3528 568 3596 quorum
584 3511 626 3575 ad
646 3510 841 3597 castiganda
858 3512 1016 3574 caminis
1037 3506 1241 3593 exemplaria

190 3617 316 3683 eximia
330 3612 449 3679 collata
464 3627 534 3677 erat
550 3634 670 3698 opere,
691 3615 896 3699 prooemium
915 3611 1038 3698 duplex
1059 3633 1100 3677 eo
1121 3632 1241 3695 posue·

190 3730 267 3785 runt
280 3715 354 3781 loco
363 3762 374 3796 ,
397 3738 460 3802 quo
478 3720 581 3780 nostri
594 3716 751 3782 exhibent
765 3715 857 3794 libri3
874 3737 1072 3801 omnemque
1088 3734 1240 3799 percura·

189 3833 266 3888 runt
285 3822 440 3885 materiae
463 3821 729 3905 dispositionem·
760 3820 838 3885 ¹Suel
861 3821 903 3884 de
924 3821 1067 3905 genuina
1083 3818 1239 3881 carminis

190 3925 317 4010 origiue
334 3926 502 4010 quicquam
521 3944 578 3988 eos
601 3926 848 4010 exprompsisse
871 3920 1100 4009 dubitationis,
1119 3941 1240 4005 nequa·

190 4049 287 4114 quam
303 4039 499 4112 compertum
517 4026 686 4092 habemus.

265 4128 546 4216 Exemplariu
575 4147 743 4209 nostra,
777 4151 879 4215 quae
907 4149 957 4193 ex
995 4128 1238 4193 recentiore

190 4254 295 4322 quae
317 4233 402 4299 luit
424 4249 521 4321 post
547 4233 731 4322 Augusti
757 4246 937 4299 aetatem
969 4230 1119 4298 ecbola
1144 4228 1240 4295 Ale-
