2626 4882
413 112 494 190 Lllt,
519 114 575 190 lli.
627 116 719 181 ΟΑΡ.
743 117 818 185 xli
1049 111 1123 183 000

71 272 204 344 conditio
225 292 432 353 empenumec
455 280 514 337 iem
539 296 559 336 e
577 278 663 337 nolis
685 277 858 340 adumbrate
878 280 978 340 nino
995 283 1054 341 erit
1072 298 1120 339 re·

69 360 217 419 wennde.
258 359 379 422 1000010
400 363 481 440 qnod
497 380 591 439 oeque
614 360 791 422 Clarklsnue
813 364 937 425 Nonnue
960 382 1018 425 nee
1037 365 1118 427 Elios

66 446 125 504 ille
143 446 233 503 serbe
251 458 424 524 agnoscunt.
475 446 607 522 Denique
632 445 846 523 Diodorus,
880 448 1117 523 Pannonios,

66 532 179 605 aliique
191 529 319 588 tabulam
331 530 409 590 booc
421 550 458 590 ex
473 531 609 608 Orpbei
626 535 800 592 auctoritate
815 542 960 609 repetunt.
971 533 1017 591 -V.
1031 533 1116 593 Voce.

26 663 30 668 .
66 613 147 699 epp.
163 613 258 691 nyn.
278 614 313 676 r.
325 614 414 690 ιιι,
429 634 464 695 p.
483 618 540 679 aa.

83 724 86 729 ’
154 726 302 790 Ultima
324 729 447 809 denique
474 732 660 790 carminis
682 748 788 807 pars,
824 751 880 809 quo
907 730 1044 790 heroes
1066 752 1113 791 ce-

65 810 223 872 lebrantur
251 833 267 871 e
296 812 458 877 Deorum
489 816 737 891 uirorumque
772 816 995 876 mortalium
1026 834 1113 874 con-

67 916 210 979 gressu
241 898 344 974 nati,
382 916 530 978 quaque
560 898 605 957 ed
631 901 821 958 mulieres
847 902 1038 958 mortales
1059 900 1113 957 iit

67 990 369 1060 transgressus,
409 1002 503 1061 qnae
534 1003 550 1041 e
578 980 742 1042 Deorum
772 984 971 1061 complexu
999 984 1112 1042 lilios

64 1077 351 1143 conceperant,
372 1084 461 1144 quum
479 1087 498 1127 o
515 1087 588 1128 vero
602 1065 792 1147 Theogorriae
807 1069 930 1127 consilio
945 1066 1041 1126 alieno
1058 1077 1113 1139 cst,

67 1161 131 1208 tum
147 1152 285 1209 carminis
302 1156 466 1231 prooemio,
487 1170 544 1229 quo
557 1170 656 1212 rernm
674 1154 727 1211 illo
745 1152 1016 1228 comprehensarum
1030 1156 1114 1228 quasi

64 1235 209 1311 (guaidam
230 1236 418 1295 adumbratur
437 1239 552 1315 imago,
577 1256 614 1294 ne
636 1237 724 1293 verbo
746 1239 859 1312 «pridem
880 1236 1044 1316 significato
1059 1232 1123 1295 est?

65 1320 213 1389 Quocirca
240 1318 317 1379 haud
349 1339 438 1400 aegre
474 1321 714 1397 adstipulabimnr
754 1321 912 1396 Wolfio,
954 1318 1110 1389 Vassis,

66 1400 277 1478 Creuzcro,
304 1403 519 1465 Hermanno
541 1406 650 1463 diversi
671 1408 807 1463 carminis
830 1408 891 1463 illio
915 1406 1111 1463 statuentibus

64 1488 194 1547 initium.
225 1489 317 1557 Quale
331 1509 401 1548 vero
416 1488 490 1548 illud
506 1490 597 1547 luerit
614 1506 728 1547 carmen
746 1488 851 1564 quidve
869 1490 904 1546 de
917 1491 979 1548 eins
995 1491 1121 1567 origine¹

65 1570 211 1631 offirmare
220 1574 319 1647 liccat,
330 1573 365 1630 de
378 1593 413 1632 eo
429 1584 458 1630 et
469 1576 546 1632 inter
559 1592 590 1632 sc
601 1574 721 1632 multum
733 1577 776 1632 illi
788 1575 963 1631 ‹iissentiunt
972 1582 1001 1631 et
1012 1592 1111 1632 arere

63 1656 217 1716 aberrasse
232 1657 369 1716 videntur
384 1677 491 1717 omnes.
532 1656 659 1717 Primum
676 1656 835 1716 Vossius
852 1657 930 1738 app.
948 1656 1043 1738 Myra.
1061 1656 1111 1731 1.,

55 1761 96 1827 p·
114 1742 193 1803 103.
212 1742 261 1800 011.
275 1741 371 1817 Antis.
393 1740 439 1817 1.,
454 1744 588 1827 10280.
607 1762 655 1801 vo.
677 1744 909 1805 ooo—1020.
928 1741 955 1799 E
964 1760 1112 1801 aeorum

62 1826 188 1904 prodere
213 1828 389 1901 principium
411 1827 579 1887 contendit:
615 1826 737 1884 Encas
767 1837 861 1885 autem
887 1828 1015 1903 appellat
1043 1824 1121 1883 lle-'

64 1910 176 1969 siodi
199 1910 239 1967 de
260 1912 494 1970 illustribus
515 1912 676 1971 feminis
701 1928 867 1968 carmen.
910 1911 1112 1969 AtEoearum

62 1994 234 2075 fragmenta
253 1997 342 2053 facile
363 2015 496 2077 magnoin
513 2003 623 2073 partem
647 1994 744 2054 verbis
767 1989 787 2076 ἢ
809 1994 858 2076 oi'p
880 1994 1111 2075 dignoscuntur;

61 2096 188 2159 quorum
213 2096 301 2156 quum
324 2098 361 2137 ne
384 2082 535 2139 minimum
553 2080 667 2159 quidem
691 2080 722 2136 in
744 2077 799 2136 boe
824 2082 951 2137 carmine
970 2088 1111 2155 appareat

60 2166 241 2243 vestigium,
269 2164 397 2223 concidit
419 2167 477 2225 ianr
498 2162 749 2244 boo·argumento
777 2166 954 2222 coniectura.
997 2161 1110 2221 Deinde

63 2246 110 2307 ele
131 2246 291 2308 Deorum
311 2248 423 2306 filiis
452 2246 706 2309 senmourmae
730 2250 823 2305 nectit
847 2258 946 2321 pocta:
987 2245 1123 2305 Eoeae'

60 2352 137 2393 vero
157 2334 388 2391 feminarum
410 2333 593 2390 celebrarunt
613 2332 731 2410 prolem.
752 2331 927 2390 —Eadem
950 2330 1120 2404 disputatio

62 2420 173 2475 evertit
189 2419 276 2475 simul
293 2415 432 2474 Wollil
452 2419 638 2489 sententiam,
666 2417 716 2491 qui
738 2414 911 2473 lacinias
932 2414 1112 2490 quasdam

64 2501 252 2580 catalogi
279 2499 466 2560 Hesiodel
486 2499 659 2559 fortuita
681 2500 721 2557 in
741 2497 840 2556 hunc
870 2501 992 2557 locum
1019 2518 1112 2556 com-

64 2596 245 2663 portatae
275 2586 399 2644 luleee
429 2584 597 2643 oonoendit:
633 2600 720 2660 qoam
744 2582 860 2660 quidese
887 2584 1052 2660 opinionem
1081 2592 1112 2642 et
1228 2614 1231 2621 ·

66 2667 284 2729 crearetur
310 2671 493 2747 amplectitur
507 2668 641 2751 lippari
659 2666 762 2726 Herm.
780 2687 814 2747 p.
828 2668 909 2729 223.
933 2685 987 2725 nce
1003 2669 1114 2742 impre-

65 2755 152 2814 lseeee
168 2753 287 2816 videtur
300 2752 542 2814 llermannue
569 2754 607 2814 de
626 2751 722 2830 Myra.
741 2762 801 2813 rot.
816 2771 848 2832 p.
867 2753 946 2815 123.

151 2886 304 2966 [enquid
325 2887 411 2949 nobie
431 2908 465 2949 ea
489 2885 574 2947 dere
599 2884 717 2945 decerni
737 2904 823 2963 posse
835 2885 989 2958 videatur,
1010 2888 1112 2963 paucis

67 2972 203 3053 deinceps
216 2973 432 3050 explicabimus.
472 2969 566 3032 Tria
583 2970 644 3029 lere
658 2979 788 3029 ueterum
804 2971 942 3029 memoria
959 2979 1112 3047 praeter

68 3056 334 3137 Theogoniam
357 3057 529 3116 ferebantur
551 3052 716 3113 Hesiodi
744 3054 1033 3133 agenealogico
1052 3073 1112 3133 ge-

64 3161 156 3201 nere
178 3143 366 3201 carmina:
388 3160 517 3213 unum,
540 3139 617 3216 qnod
639 3141 670 3197 in
687 3137 817 3197 Deorum
832 3140 1015 3217 virorumque
1031 3157 1112 3197 mor-

65 3230 168 3285 talium
186 3225 356 3285 versabatur
370 3225 535 3296 amoribus3
569 3226 697 3280 alteru
708 3242 751 3294 m,
772 3241 828 3298 qno
844 3222 1017 3281 seminarum
1032 3242 1111 3281 mor-

66 3312 172 3369 talium
182 3329 249 3367 eum
259 3309 315 3367 Dle
327 3308 539 3367 immortalibus
551 3306 772 3365 celebrabantur
785 3319 976 3385 congreseue3
996 3309 1112 3365 tertio

66 3479 247 3554 temporibus
265 3479 407 3553 repetitae
428 3497 463 3535 ae
484 3476 584 3534 scdulo
603 3475 765 3533 delineatae
784 3486 886 3549 erunt,
905 3476 948 3533 ita
962 3483 995 3531 ut
1011 3476 1113 3555 singu·

67 3566 114 3622 las
130 3563 165 3619 ab
182 3565 333 3621 mulierum
348 3564 513 3621 mortalium
527 3578 593 3619 cunr
608 3558 662 3617 Dis
677 3577 839 3638 congressu
853 3560 996 3637 originem
1011 3556 1115 3617 doxis·

68 3666 102 3706 eo
130 3649 356 3724 intelligeretur.
413 3646 491 3705 lloc
516 3656 613 3702 eutem
633 3663 766 3716 carmen,
795 3642 930 3720 catalogi
952 3646 1045 3699 instar
1061 3659 1114 3725 per

67 3733 156 3809 plura
178 3733 327 3790 volumius
350 3742 451 3807 postea
472 3731 662 3804 dispositum,
689 3730 780 3807 vulgo
804 3728 840 3784 ab
857 3728 978 3787 Graccis
1004 3724 1115 3784 Cate-

70 3817 153 3893 logi
174 3823 225 3873 aut
245 3814 428 3874 Eocarnm
449 3815 774 3889 nomine'nuncupatum
792 3812 860 3870 fuit·
903 3808 963 3869 Sed
983 3813 1113 3886 plerique

71 3899 170 3959 Eoeae
186 3899 224 3957 eb
238 3896 404 3958 Hesiodi
426 3900 604 3958 anctoritate
629 3898 851 3967 dinumerant,
872 3897 905 3954 in
926 3912 983 3971 quo
1004 3895 1113 3952 iudicio

72 3992 126 4040 eut
150 4001 247 4040 rerum
273 3985 470 4058 sermonisque
489 3983 600 4040 indicis
617 3995 668 4040 eut
686 3982 852 4056 popularem
866 3980 1008 4057 quondam
1025 3979 1116 4037 tradi-
