2626 4882
448 942 480 1020 0
504 946 543 1021 A
567 944 602 1022 Ρ
623 946 663 1024 V
687 946 729 1024 'l'
786 946 871 1026 ΙΙΙ,

271 1107 348 1166 =n1r
366 1111 580 1170 couuvur
598 1115 808 1229 icourcvur
825 1108 1034 1175 urrunnu:

523 1293 804 1311 Μ

131 1428 353 1509 luuntur...
367 1458 416 1508 ut
429 1449 466 1509 ta
483 1452 564 1511 mut
585 1451 758 1511 conteni·
777 1451 1056 1518 uenturam
1075 1458 1177 1522 uuor·

131 1543 161 1591 et
182 1533 352 1592 conditione
373 1536 533 1611 iudicium,
560 1545 623 1595 turn
645 1545 764 1611 propter
780 1537 854 1598 siiss
872 1560 992 1616 osum,
1012 1553 1077 1603 tun
1095 1546 1177 1621 quud

131 1619 333 1679 vetustissims
355 1637 430 1695 quse
450 1629 607 1701 supersunt
630 1618 817 1699 Theogonise
844 1627 1022 1700 exemplsris
1045 1627 1178 1693 nondun

130 1705 331 1780 pervestigata
362 1714 448 1777 eunt,
481 1726 512 1764 r.
542 1725 568 1762 c.
598 1705 806 1763 Laurentinum
829 1710 937 1767 sacculi
964 1712 1047 1771 tertii
1070 1711 1177 1775 decit!

130 1785 342 1862 spustudin.
359 1788 380 1847 l.
396 1809 420 1847 c.
441 1787 474 1847 Τ.
489 1784 558 1863 11..
564 1808 599 1868 p.
617 1789 694 1851 142.
737 1789 844 1849 Verum
861 1795 997 1869 quonism
1011 1798 1177 1857 uecesssris

130 1880 175 1929 est
196 1870 363 1947 disquisitio
384 1881 446 1931 tuns
473 1873 511 1932 sd
536 1890 622 1933 usum
649 1876 858 1949 exemplarium
887 1880 965 1954 typis
985 1889 1175 1947 exsrstorunu

128 1955 443 2030 circumscribendum,
469 1968 532 2017 tum
556 1957 594 2015 sd
618 1956 803 2035 dirigendum
823 1977 943 2035 opernm
960 1963 1093 2023 criticsnr
1106 1967 1177 2025 uni·

127 2058 263 2123 pensem,
284 2039 446 2100 taediosum
470 2060 542 2116 opus
567 2040 657 2101 slscri
678 2043 776 2100 sninso
796 2046 920 2122 suscepi.
960 2043 1083 2124 Exque
1101 2049 1175 2127 quid

126 2125 301 2185 redundarit
316 2126 447 2200 fructus,
466 2125 602 2201 deinceps
617 2144 804 2202 exponemus.
1012 2194 1016 2201 Ι

208 2209 247 2269 ln
262 2228 370 2288 genere
383 2220 480 2269 sutem
495 2210 610 2268 videtur
623 2208 698 2269 illud
712 2210 869 2271 tenendum
880 2229 955 2287 esse,
967 2212 1056 2290 quod,
1071 2231 1175 2291 quens·

126 2311 212 2371 qum
227 2296 335 2371 iugens
350 2304 450 2353 cxstst
460 2295 659 2369 exemplorum
675 2312 829 2369 uumerus,
857 2295 893 2355 dc
907 2315 1030 2374 quorun
1042 2301 1175 2374 scriptu-

123 2394 154 2439 rs
168 2379 292 2437 codices
304 2380 409 2437 mirum
422 2389 564 2454 quantum
578 2380 700 2437 intense
714 2378 901 2453 discordant,
923 2399 967 2439 cx
984 2400 1055 2441 uno
1073 2393 1173 2445 umen

123 2480 254 2523 omues
285 2461 459 2522 derivati
488 2471 576 2522 suut
602 2464 817 2539 exemplsri
844 2467 1073 2542 notissimisque
1092 2470 1173 2528 inter
1262 2498 1266 2506 ·

120 2564 153 2605 se
180 2547 310 2605 vinculis
331 2548 529 2607 continentur.
571 2543 731 2619 Exempisr
749 2555 848 2605 sutem
867 2548 959 2621 illud,
987 2548 1066 2625 quod
1084 2550 1172 2609 isnei-

115 2620 194 2692 liam
210 2630 295 2689 duxit
307 2632 389 2703 oliuu,
408 2649 494 2705 quun
508 2648 547 2688 ex
561 2629 738 2704 sntiquitste
751 2630 816 2706 ipss
829 2630 861 2689 iu
876 2641 1002 2689 setstens
1018 2630 1173 2693 terbum

113 2728 211 2795 sique
233 2713 375 2774 hcultssu
396 2718 571 2774 trsosIstrus
598 2714 737 2789 rsrioque
759 2712 845 2773 modo
863 2714 976 2773 mendis
1000 2725 1031 2773 et
1054 2717 1172 2775 lscunis

111 2798 315 2883 deturpetunu
335 2809 432 2875 esset,
451 2810 519 2879 post
536 2798 574 2857 sb
593 2799 717 2857 curiosis
732 2796 896 2858 homiuibus
912 2796 1013 2857 sedulo
1030 2803 1172 2861 trsuseri·

109 2896 205 2961 pune
218 2893 250 2943 et
262 2882 452 2943 multiisrinm
465 2894 516 2943 sut
531 2900 568 2941 ex
582 2881 751 2957 opinionon
762 2883 940 2943 suctoritste
954 2893 1007 2943 sut
1019 2900 1058 2943 ex
1071 2902 1172 2963 grm-

109 2966 299 3029 hsticorum
318 2969 477 3028 traditione
504 2962 627 3027 seorsim
650 2978 811 3045 propsgots
835 2977 997 3040 muretus,
1033 2969 1171 3028 eruendo·

109 3046 206 3127 turn,
230 3052 420 3129 deprsrstunr
444 3053 511 3111 tuit.
555 3048 671 3108 'l'slium
692 3052 827 3125 deinceps
848 3052 1055 3126 cremplsriurn
1079 3070 1170 3128 spo·

109 3134 291 3219 pupius,
320 3140 408 3197 uotis
430 3133 640 3211 proculdubio
667 3136 746 3194 curis
773 3136 891 3215 egregie
916 3126 1096 3209 imtsursts,
1129 3134 1170 3195 sd

109 3231 264 3282 nostrsns
276 3222 409 3279 setstem'
419 3226 626 3295 pervenerunt.

207 3308 253 3364 Ac
277 3322 331 3380 pro
354 3306 442 3363 centis
469 3303 585 3381 quidem
611 3300 820 3362 communis
849 3299 1021 3383 originis
1050 3298 1171 3361 indiciis

109 3390 289 3467 primun
305 3390 387 3448 locos
407 3387 499 3448 issico
519 3400 588 3460 eus,
611 3391 662 3463 qui
677 3390 710 3446 in
725 3385 856 3461 pluribus
872 3384 1035 3458 codicibus,
1055 3394 1170 3444 cetero·

109 3478 193 3554 quin
209 3475 243 3531 in
256 3476 321 3551 ipss
333 3473 483 3532 vicinitstc
498 3470 653 3535 sdsnoduns
669 3470 918 3548 discrepatione,
944 3469 1023 3527 leri
1040 3469 1168 3546 sliquo

109 3559 260 3619 nendo
283 3557 440 3635 insigni
460 3559 628 3632 conquinsti
646 3565 726 3613 suut.
767 3556 899 3623 Quorum
919 3570 1007 3627 quutn
1026 3550 1167 3632 hodieque

109 3657 180 3704 non
205 3644 332 3720 exiguus
352 3642 393 3699 sit
409 3658 565 3712 numerus,
592 3638 676 3698 uelde
697 3656 762 3697 curn
780 3646 897 3697 suctum
912 3639 951 3696 iri
968 3639 1117 3714 suspicor,
1139 3638 1167 3696 si

109 3745 226 3787 snnnes
248 3725 363 3783 codices
384 3729 449 3801 psri
474 3725 630 3804 diligentis
650 3732 738 3781 erunt
754 3722 934 3799 pertructsti.
977 3716 1091 3779 interes
1106 3719 1168 3777 rins

109 3826 261 3893 mgnsur
281 3809 319 3868 sd
340 3808 571 3887 persusdendum
595 3810 727 3887 exemplu
748 3806 856 3866 behem
879 3805 1002 3865 hsecce:
1035 3806 1067 3863 V.
1089 3804 1166 3867 76³.

109 3911 171 3971 pro
187 3890 470 3977 ἀνστρέφεται
486 3890 532 3952 ed.
551 3892 628 3951 lunt.
643 3895 676 3955 2.
694 3900 727 3950 et
741 3891 825 3950 codd.
842 3890 934 3964 Med,
956 3886 1048 3946 Pstis.
1064 3890 1114 3960 1.‚
1136 3893 1169 3944 et

109 3974 215 4043 unm.
232 3975 722 4061 hsbcntduucupipesut.-
741 3976 774 4034 7.
791 3976 871 4038 648.
886 3965 1167 4052 ἐκγενόμεσθα

109 4074 243 4143 propter
256 4064 382 4122 siiorunr
392 4081 529 4122 versuum
546 4060 763 4121 similitudinem
777 4060 850 4118 sbiit
866 4062 897 4116 in
913 4046 1071 4135 ἔξεγίνο
1080 4076 1165 4133 vro,

109 4148 199 4225 quod
220 4156 327 4206 teuent
351 4146 436 4206 codd.
459 4144 554 4218 Med,
588 4144 729 4216 Loudin.‚
758 4142 852 4201 Poris.
871 4144 919 4212 l.‚
945 4134 1054 4209 Trici,
1084 4136 1168 4221 Vsu,

110 4226 269 4306 Tsnrin,
297 4240 329 4291 ct
348 4230 488 4294 Trincsr.
508 4248 546 4289 ex
571 4229 689 4303 codice,
717 4237 922 4306 arnugum,
951 4220 1095 4281 Pennino.
1111 4252 1169 4270 ⁴--
