2626 4882
426 909 457 982 0
485 913 521 984 Α
547 910 580 984 P
604 912 640 986 V
667 911 703 985 Τ
755 909 876 985 XIV.

109 1109 113 1115 -
220 1074 564 1137 excucurrerunt
588 1077 830 1134 rrnnonviu
854 1072 1091 1139 cerenicus.
1171 1060 1174 1067 '

113 1398 342 1496 -Perreetigete
371 1419 429 1476 iem
457 1417 613 1495 omnigeno
641 1417 800 1493 ecriqturre
834 1415 1048 1493 discrepatio,
1087 1437 1174 1497 qum

123 1503 271 1583 peccent
293 1500 395 1561 Theo
402 1503 542 1579 goniee
564 1499 721 1559 codicer
740 1511 792 1558 eut
807 1503 944 1579 quicquid
959 1521 1060 1560 eorum
1077 1506 1172 1565 ineter

124 1586 366 1661 heleriqoteet,
386 1602 568 1660 consequent
589 1595 651 1656 ert,
672 1595 706 1643 ut
727 1589 821 1643 cretio
843 1589 1002 1661 peullieqer
1016 1587 1117 1648 redeet
1133 1588 1171 1649 ed

125 1674 381 1749 entiquorunt
409 1670 688 1744 exemplarium
715 1671 926 1728 nemoriern
958 1673 1063 1748 tyqie
1091 1688 1173 1737 exe-¹

124 1763 311 1816 reioru-
353 1756 435 1824 Quee
449 1771 536 1828 quum
550 1762 602 1811 eut
619 1754 757 1811 nniveree
771 1763 824 1811 rot
840 1757 994 1813 muitetur
1008 1765 1120 1829 purtem
1131 1755 1172 1817 ed

123 1838 263 1900 eedioute
278 1838 367 1899 lidenr
390 1841 450 1898 rint
461 1840 611 1909 intritum,
633 1836 790 1897 videndum
805 1840 864 1896 ictu
877 1838 952 1911 erit,
971 1849 1112 1916 quentunt
1126 1843 1176 1901 eie

123 1942 194 1987 ιιι
207 1921 272 1995 lrie,
291 1941 364 1999 quoe
382 1933 517 1981 cecuretc
537 1923 686 1994 novinae,
706 1922 790 1981 libri·
813 1923 977 1983 intercedat
991 1928 1172 1987 communie-

122 2011 192 2084 ὡς
214 2007 319 2067 deinde
334 2009 362 2066 ei
373 2024 433 2066 non
448 2026 523 2065 unue
534 2005 627 2065 codex
640 2005 676 2063 el)
689 2005 851 2065 editoribus
863 2017 998 2066 occurete
1015 2026 1174 2086 excreetur

123 2102 192 2166 eet,
208 2110 268 2170 quo
289 2092 388 2150 etudio
408 2093 569 2150 consiliove
585 2108 702 2149 cereren
717 2091 754 2148 od
771 2090 951 2151 directorum
967 2092 1102 2153 codicum
1117 2113 1173 2155 eu·

123 2179 296 2239 ‹eoriteten
318 2179 505 2251 penverint3
534 2175 657 2250 denique
678 2176 748 2251 quid
766 2176 857 2235 luerit
877 2175 979 2235 iudicii
994 2175 1029 2234 de
1046 2179 1082 2235 iit
1094 2180 1177 2239 looir-

122 2260 295 2334 ferendoer,
320 2259 355 2317 de
370 2262 476 2336 quibue
496 2261 672 2336 exenqlerie
694 2270 809 2319 ennete
828 2261 866 2318 eb
886 2261 1014 2318 omnium
1035 2261 1171 2324 cotim

123 2346 294 2407 utineeio
316 2344 488 2403 direideent.
536 2342 678 2403 Videlicet
697 2339 744 2402 hir
768 2362 805 2403 ex
826 2344 914 2404 rebor
934 2344 1041 2421 pendet
1064 2344 1171 2412 horon

124 2430 336 2507 exemplarium
350 2431 381 2486 in
398 2448 429 2485 re
444 2428 544 2486 critice
558 2445 638 2485 uene.
769 2438 774 2448 ‘
1170 2478 1174 2493 ,

212 2511 340 2575 Pri-ure
358 2512 474 2571 Aldur
502 2521 554 2568 eut
573 2512 702 2586 quicquit
723 2508 790 2569 hoio
801 2509 941 2571 editionie
955 2531 1055 2573 curent
1069 2531 1168 2577 enece-

125 2596 191 2672 pit,
219 2615 284 2659 eeuu
306 2598 451 2671 expreeeit
474 2598 613 2653 ceminio
634 2598 776 2670 eqcoiern,
804 2605 854 2668 ut,
880 2599 906 2654 oi
929 2615 1019 2655 unum
1044 2599 1170 2675 aliquem

122 2679 257 2741 eotue·
275 2682 356 2757 tyqie
376 2681 513 2755 repetiit,
541 2697 601 2738 non
620 2682 749 2752 potuerit
768 2689 821 2737 eut
840 2682 955 2739 felicior
974 2684 1006 2739 in
1028 2681 1164 2761 eligendo

122 2775 178 2825 eut
188 2764 361 2840 prudentior
375 2780 456 2838 eree3
475 2764 503 2820 ei
517 2781 588 2823 vero
606 2763 739 2837 plurilue
752 2762 836 2822 librir
857 2764 896 2822 ed
914 2767 1053 2823 cerninie
1066 2786 1169 2827 noen-

122 2852 239 2911 eiorteer
259 2850 317 2909 luit
341 2848 478 2921 odietur,
502 2850 621 2908 rummie
643 2848 733 2906 fucrit
760 2848 1007 2907 eoncelelrendue
1033 2849 1177 2911 leudibue·

123 2934 164 2995 ob
179 2933 368 3009 qmdeetien
386 2934 663 3011 intelligentiamque
683 2931 714 2989 in
736 2928 782 2989 lrie
803 2931 890 2990 rebor
907 2934 972 2991 ietie
990 2935 1177 3009 temporibue,

119 3020 313 3079 ιιιίιιίιιιιι.
355 3018 399 3077 Ac
422 3019 545 3095 primurn
570 3017 687 3095 quiden
711 3017 867 3075 tenendum
893 3016 967 3076 illud
997 3027 1060 3092 eet,
1087 3019 1177 3096 quod.

120 3104 217 3165 ulte
242 3105 381 3161 vitiorum
411 3102 725 3177 diecrepmtiernenqne
755 3103 886 3175 exemplo
913 3101 1058 3178 inriguo,
1093 3120 1176 3179 queo!

123 3186 325 3247 diceretur
344 3188 500 3244 omniun
520 3185 695 3245 codicum
723 3184 890 3243 indolem
910 3183 1167 3261 comprehendunt,

120 3271 238 3331 elul
264 3270 303 3329 ed
332 3270 510 3329 Aldinunr
536 3271 675 3327 cererinie
703 3277 815 3327 textum
844 3271 999 3344 pertinent.
1050 3264 1166 3331 Deinde

121 3372 215 3433 quen
242 3354 486 3434 cingulorum
516 3353 692 3413 codicum
718 3368 893 3411 eorumve
925 3353 1165 3417 ienilierun

120 3447 186 3499 ten
204 3437 328 3498 bonee
348 3439 544 3498 lectionor
564 3447 625 3496 turn
653 3437 756 3497 viiie
779 3437 932 3497 neniieete
955 3439 1016 3496 rint
1037 3440 1167 3517 proprie,

121 3525 230 3583 nim
241 3524 274 3581 in
287 3522 405 3582 modurn
418 3522 540 3593 occidit,
563 3534 598 3582 ut
614 3520 692 3580 lueud
711 3538 822 3596 corrue
842 3523 1001 3581 ictorum
1025 3541 1175 3583 numeror,

120 3626 189 3669 eun
213 3625 322 3686 megne
345 3605 477 3667 herum
497 3607 581 3681 copie
594 3610 635 3664 eit
654 3606 687 3665 in
707 3605 815 3664 Aldine
829 3607 987 3681 exemplari
1002 3610 1174 3684 copuletur.-

121 3689 260 3767 Deeique
281 3708 343 3750 non
365 3708 425 3749 nno
440 3692 523 3765 loeo,
544 3690 594 3749 ubi
617 3691 791 3764 plerique
808 3688 927 3762 horunc,
949 3695 1167 3766 quoecrcueei·

123 3774 316 3849 willerco,
336 3783 387 3833 eut
408 3776 605 3854 eirguleri
624 3774 847 3832 infortunio
869 3773 1020 3850 deprevoti
1036 3786 1088 3832 eut
1109 3794 1166 3832 re·

123 3862 234 3919 eenti
255 3857 525 3918 emendetione
545 3858 674 3918 iuleeteti
690 3868 778 3930 eunt,
800 3857 914 3916 Aldue
930 3861 1166 3917 rinonverene

123 3941 250 4020 ultique,
271 3944 536 4019 integriorem
554 3955 650 4001 tenen
670 3960 877 4016 reeqenumero
892 3941 1022 3999 tetendit
1038 3941 1169 4017 rcriptu-

120 4043 172 4085 ree
191 4028 324 4104 epecieru.
364 4026 447 4084 Heec
461 4044 548 4105 quum
560 4027 665 4085 idonee
680 4029 724 4085 rei
746 4026 917 4085 documento
937 4027 968 4081 in
989 4036 1165 4083 continente·

120 4111 175 4169 riie
192 4112 310 4185 nortrie
329 4110 458 4169 etudiore
480 4113 595 4185 prolate
615 4112 691 4184 rint,
711 4113 879 4185 empliorcnr
902 4108 1165 4168 conciderotionene

123 4208 181 4257 too
193 4203 344 4272 expetunt.
388 4195 508 4257 lotcrirn
523 4197 551 4256 ei
565 4197 662 4257 enne
679 4196 737 4255 iete
752 4195 913 4271 eoriqturee
928 4210 1037 4269 genere
1050 4211 1088 4255 ex
1104 4211 1166 4255 une
