2626 4882
150 356 224 428 122
423 364 483 424 DE
504 364 671 425 EMEND.
696 362 923 427 THEOGON.

144 544 211 585 rum
230 527 390 584 carminum
411 527 578 586 conditione
599 537 629 583 et
647 527 824 584 auctoritate
842 525 1087 600 disceptationem
1103 528 1187 601 prino

145 628 238 688 coque
259 612 381 669 iuvenili
403 613 507 668 ardore
529 612 675 690 agitabet3
709 615 792 669 euius
823 610 939 687 quidem
967 611 1094 668 miriiiee
1122 613 1188 668 solet

145 698 291 771 principio
312 696 425 753 animus
446 698 556 754 irretiri
579 696 736 753 illecebris.
777 692 895 769 loeptua
917 706 1015 752 temen
1034 704 1131 767 esset,
1146 697 1189 771 qu

144 778 289 838 Wolfiaui
305 782 415 858 ingenii
432 781 606 859 dignitatem
625 798 663 836 ex
682 779 737 837 hoe
762 779 837 836 libro
856 783 1036 839 aestimaret.
1083 778 1189 839 Pariter

143 864 274 942 equidem
298 864 500 941 intempestive
522 864 594 923 milri
614 865 732 923 viderer
757 866 870 941 egisse,
898 867 924 920 si
944 863 1085 938 quiequid
1107 865 1189 922 luerit

143 949 181 1009 ab
205 947 314 1008 Wolfio
336 952 523 1023 praestitum,
552 949 590 1006 ed
617 949 697 1026 leges
718 966 769 1005 eas
796 966 899 1006 serere
925 950 1094 1023 exigerem,
1122 966 1189 1024 quse

143 1032 220 1109 quod
235 1043 333 1089 certae
349 1036 406 1091 iam
428 1052 462 1091 ee
477 1035 579 1093 firmae
601 1033 684 1089 nolin
712 1043 848 1090 constare
867 1032 1024 1103 ridentur,
1046 1050 1111 1089 reon
1131 1036 1188 1090 rinc

144 1118 297 1193 praeclaro
311 1119 372 1174 cios
392 1117 489 1175 studio
509 1120 689 1177 factumest.
731 1115 869 1173 Ceterum
887 1118 1054 1174 meminisse
1069 1126 1188 1191 oportet,

143 1201 221 1276 quod
233 1200 403 1260 Wolsius
425 1205 662 1261 iremuturum
680 1201 772 1258 luisse
785 1199 860 1258 hanc
877 1219 993 1278 operam
1013 1218 1085 1257 nox
1100 1203 1187 1276 pete·

141 1286 239 1344 lessus
254 1295 299 1343 est
311 1287 382 1357 ipse.
418 1285 490 1343 Vide
505 1290 542 1345 ei.
557 1287 670 1363 epistol.
686 1284 1187 1365 adHeyniumroript.pug.102.

141 1379 172 1428 et
186 1369 276 1431 Auel.
296 1371 389 1429 litter.
411 1369 646 1448 l'eee.111.,p.
661 1371 741 1431 274.
756 1380 814 1427 nat.
841 1420 844 1425 .

226 1494 387 1556 Carmen
406 1493 514 1557 soholie
528 1499 589 1555 suls
609 1496 707 1553 edenti
728 1476 876 1555 Wolfio
897 1506 1017 1572 praeter
1041 1497 1186 1555 novitia

140 1580 322 1655 quaedam
341 1583 577 1656 exenrplarie
604 1579 678 1638 nilril
703 1580 765 1638 lere
788 1579 948 1638 adiumenti
969 1590 1182 1654 perstrueret.

139 1662 320 1742 Expromam
344 1673 439 1723 autem
465 1665 539 1725 illud
560 1667 716 1723 maximnm
738 1674 849 1739 portem
872 1673 968 1720 estex
993 1666 1185 1740 Lipsiensi

139 1748 265 1823 quedam
281 1750 426 1822 editione,
445 1751 570 1811 sortasse
583 1749 819 1821 llrebaiana,
841 1765 913 1824 quae
931 1745 1185 1808 lloltinsonia·

136 1850 221 1892 nam
247 1834 309 1892 fere
335 1837 472 1892 carminis
499 1834 696 1892 conditionem
726 1834 831 1890 tenuit.
875 1832 1052 1895 Emendatio
1089 1832 1188 1891 deinde

138 1912 329 1995 Theogoniae
347 1917 383 1973 ad
405 1920 566 1976 sententiae
594 1921 739 1977 rationem
768 1919 1027 1996 grammaticesqoe
1059 1921 1186 1999 regulam

136 1999 270 2061 adhibite
288 2011 400 2060 estant
423 2002 458 2059 de
479 2006 707 2061 coniectura
726 2021 788 2060 sua
808 2004 931 2080 ipsius
953 2002 1184 2074 aliorumve,

137 2097 190 2146 out
219 2085 254 2144 de
282 2088 490 2160 exemplarium
517 2089 666 2145 variorum
694 2089 865 2158 notatione,
897 2104 971 2163 quae
1007 2090 1117 2160 passim
1150 2086 1182 2144 ala

136 2170 309 2231 Graevio
331 2168 633 2246 Robinsonoque
660 2171 738 2230 faeta
767 2181 838 2228 erat.
883 2168 1002 2228 iuterim
1026 2173 1109 2231 sulrit
1134 2174 1184 2230 mi·

134 2258 213 2326 reri,
235 2255 408 2330 quileetum
423 2258 480 2329 sit,
501 2263 535 2312 ut
554 2254 858 2314 hoesneriannm
880 2257 1093 2330 exemplar,
1111 2255 1183 2334 quud

133 2348 260 2399 noverat
274 2338 337 2395 sine
353 2338 440 2396 «lubio
458 2338 541 2421 (vide
552 2360 627 2421 pag.
645 2339 734 2416 52),
756 2350 814 2396 tarn
829 2341 974 2397 incuriose
992 2341 1182 2414 usurpaverit,

72 2448 80 2457 ’
132 2432 251 2481 utnon
282 2422 392 2482 videret
417 2427 564 2488 contineri
594 2426 647 2482 illo
678 2424 884 2498 exemplarium
914 2424 1183 2501 antiquissimarum

132 2507 245 2580 Atti,
281 2504 438 2581 luntre,
475 2507 728 2570 Trineovelli
754 2510 948 2568 collationem.
1001 2510 1086 2576 Quae
1115 2511 1183 2569 lieet

131 2610 188 2652 nco
202 2594 286 2672 plene
301 2612 354 2650 uec
376 2593 505 2650 studione
521 2595 594 2651 satie
611 2595 748 2650 instituta
763 2595 819 2662 sit,
842 2595 961 2671 egregie
979 2601 1080 2653 tomen
1102 2612 1183 2669 prae·

131 2677 201 2736 ltere
222 2686 340 2753 poterat
361 2679 573 2736 emendationis
596 2676 750 2750 praesidia.
792 2676 908 2736 Damna
928 2675 1000 2733 hoec
1022 2697 1084 2736 non
1101 2680 1182 2742 licuit

130 2765 292 2833 resarcire,
313 2780 401 2839 quum
421 2762 727 2821 observationes
747 2780 814 2819 suas
835 2760 874 2818 ad
895 2761 1054 2819 editionem
1069 2773 1181 2841 pareret

129 2842 318 2905 Wollius.
367 2844 445 2903 Nam
467 2864 639 2923 quemquam
665 2850 779 2904 interea
809 2842 941 2905 Reiuii
963 2842 1176 2927 lleyniique

131 2928 232 2989 studio
254 2930 429 2987 vetustiores
451 2933 563 3006 aliquot
583 2930 724 2988 editiones
746 2941 849 2988 nactur
874 2940 954 3005 erat,
974 2948 1003 2988 v.
1023 2951 1049 2991 c.
1075 2931 1177 2993 Triu-

130 3014 387 3086 oavelliuum,
426 3013 744 3090 Stephanionem,
786 3012 1179 3076 Heinsianommoio·

128 3118 224 3175 rem,
264 3096 641 3172 Wintartonianam3
679 3102 737 3157 ista
761 3109 860 3156 tamen
879 3103 963 3174 copie
984 3098 1062 3158 nihil
1088 3100 1179 3163 effecit

129 3184 228 3256 uliud,
251 3183 312 3241 uisi
331 3195 366 3241 ut
387 3187 528 3259 ampliore
547 3203 619 3245 eura
636 3183 792 3258 aliquando
810 3202 927 3241 carmen
943 3185 1177 3256 pertractandum

129 3285 195 3341 esse
219 3269 404 3345 intelligeret
448 3267 509 3326 cn.
531 3267 668 3329 Analect.
697 3268 791 3329 litter.
816 3265 906 3330 Face.
930 3264 1015 3341 ΙΙΙ.,
1038 3289 1074 3349 p.
1098 3271 1176 3333 2711.

128 3360 191 3411 aot.
223 3349 308 3422 Quod
321 3353 433 3412 factum
448 3372 509 3410 uon
525 3372 605 3427 esse,
625 3352 725 3410 dolent
737 3371 855 3428 omnes,
875 3352 978 3431 quibua
994 3352 1067 3413 haee
1082 3355 1177 3417 stude

129 3434 214 3495 cordi
231 3444 310 3495 sunt.

213 3562 403 3630 Quantum
425 3581 498 3620 rere
520 3562 635 3621 criticis
657 3564 687 3618 in
711 3560 888 3641 Theogonis
917 3561 954 3619 nd
977 3563 1172 3640 integritatem

125 3647 354 3723 qualemcunque
391 3646 554 3705 revocanda
574 3642 753 3722 'superesset
780 3647 986 3720 laborandum,
1026 3651 1083 3706 inm
1116 3661 1174 3707 nrm

125 3731 274 3791 Wolfio
298 3748 384 3788 nemo
411 3733 560 3807 perspexit
581 3734 703 3807 plenius.
745 3728 852 3789 'l'estor
877 3738 1104 3793 commentarios
1124 3736 1175 3791 olr-

127 3819 378 3891 servationumque
401 3817 593 3890 prooemium,
614 3833 672 3890 quo
692 3814 728 3872 de
745 3819 824 3873 onrni
840 3820 977 3874 carminis
993 3820 1173 3876 emendatio·

126 3921 162 3959 ne
180 3900 217 3959 ad
231 3905 306 3960 iusta
321 3904 447 3958 rationis
462 3901 606 3976 principia
623 3912 706 3958 erute
723 3911 753 3957 et
772 3901 926 3975 prudenter
940 3907 1088 3975 exposuit.
1130 3901 1173 3961 Ad

127 3986 225 4045 eodem
243 3985 347 4044 deinde
359 3984 574 4044 accommodate
589 3987 696 4043 rrrnltos
711 3988 847 4043 carminis
860 4005 963 4046 versuo
981 3987 1018 4045 ab
1033 3989 1171 4046 vetustis·

125 4073 199 4131 sima
223 4073 466 4148 interpolatione,
485 4069 523 4127 el»
545 4069 731 4128 librariorum
754 4073 938 4146 corruptele,
964 4071 1000 4128 ab
1022 4076 1102 4131 mala
1126 4092 1172 4130 rc·

125 4160 252 4216 centium
267 4156 509 4235 interpretatione
532 4152 705 4215 vindicavit.
750 4153 859 4213 Contra
881 4159 906 4213 si
929 4157 1047 4231 quando
1065 4157 1185 4215 deiecit·
