2626 4882
508 336 589 399 Llll.
615 336 639 398 1.
694 336 785 399 CAP.
811 336 836 398 1.
1169 330 1193 399 7

144 503 265 557 cinnam
287 498 444 556 translatus
466 508 520 556 est.
563 496 705 558 Testatur
723 502 843 575 insuper
864 498 949 578 signo
967 517 986 558 a
1004 495 1187 577 typographo

143 586 183 641 ad
208 586 367 658 marginem
388 583 496 641 eodieis
516 585 622 657 posito.
664 581 797 660 Dersique
818 603 856 642 ne
876 582 922 643 liis
937 583 1087 642 codicibus
1102 585 1186 658 plane

144 689 179 724 se
196 672 226 726 in
244 669 419 740 mancipium
436 668 549 724 dedisse
566 668 715 727 videretur
732 666 957 742 Trinoarellue,
980 686 1186 725 coaumeniora·

144 757 192 810 rit
210 749 455 822 bibliothecam,
469 753 592 809 aliorum
607 762 758 826 praeterea
771 754 882 811 auxilio
896 753 977 811 illusu
991 753 1081 810 luisse
1094 753 1185 809 inter-

142 838 217 895 dum
236 846 440 893 sustentatura.
483 837 607 903 (lainam
620 855 690 894 vero
703 838 813 896 luerint
828 840 876 896 isti
894 837 979 908 lilari,
1001 834 1056 893 llo
1067 836 1118 892 rel
1128 837 1135 890 Ι
1146 855 1183 892 us

141 942 206 978 raon
225 923 414 997 significarit.
456 918 557 995 Neque
571 920 608 978 als
624 922 711 994 aliis,
731 922 837 996 quibua
850 940 937 979 curae
950 930 1015 978 crat
1028 921 1185 993 exemplar,

139 1011 295 1082 quiequam
314 1005 351 1061 de
374 1003 427 1061 isne
452 1023 484 1061 re
506 1018 708 1079 expromptum
728 1015 782 1063 est.
827 1004 1086 1063 'l'liieraeltius
1107 1005 1184 1062 enine

139 1109 179 1148 ex
207 1088 460 1146 Tricliniano
489 1092 723 1165 praesertim
751 1089 889 1148 codiee
913 1088 1038 1146 ullirsnot
1059 1087 1181 1147 'Princo-

138 1177 212 1232 relli
226 1173 381 1230 editionem
391 1174 483 1231 luisse
498 1172 662 1232 derivatam
677 1174 750 1233 lts'ss.
762 1175 834 1234 Ital.
847 1173 881 1234 Τ.
890 1173 928 1246 l,
945 1195 981 1252 pr.
990 1176 1012 1234 2
1022 1178 1030 1234 l
1041 1175 1070 1235 7·
1082 1175 1181 1243 2184

140 1257 398 1316 lleinrielsius
419 1271 512 1313 autcru
533 1256 576 1314 ad
600 1258 750 1315 oodiees
772 1258 940 1315 Venetos
961 1270 1081 1315 tutans
1101 1266 1182 1313 uant-

136 1352 223 1400 vcrat
238 1342 329 1399 luisse
343 1344 451 1398 saetam
468 1341 566 1418 Eprius.
581 1345 624 1401 od
644 1342 790 1401 'discalcea'
803 1352 953 1403 corssssetst.
972 1341 1095 1401 lless'od.
1116 1338 1181 1404 It's'l.

142 1429 246 1489 1815.
260 1428 367 1503 pem·
410 1427 474 1494 Qua
493 1426 528 1482 de
547 1446 579 1485 re
596 1427 667 1504 quid
682 1426 868 1485 statuendum
886 1430 943 1501 ait,
964 1445 1034 1484 mox
1048 1427 1182 1484 illustra·

138 1512 272 1586 liitur‘).

222 1592 420 1650 Coasmode
443 1604 538 1651 sutem
551 1593 624 1653 iilud
638 1594 675 1655 ab
690 1592 813 1653 dlorsllo
832 1595 999 1652 institutum
1018 1600 1085 1663 est,
1104 1589 1182 1667 quod

135 1697 191 1753 per
211 1697 316 1737 versus
333 1676 523 1755 'l'lseogouiae
543 1686 661 1737 etntssn
680 1679 741 1738 lere
763 1687 792 1736 et
813 1678 1022 1754 quinquaginta
1038 1677 1181 1754 gratissi-

137 1782 218 1821 mam
233 1764 392 1838 scripturae
406 1761 630 1835 discrepantia·
646 1783 684 1821 ex
698 1762 793 1820 tritus
810 1761 960 1821 codicibus
975 1760 1094 1817 l'enetis
1110 1777 1182 1816 eno·

141 1856 237 1904 tatant
260 1846 446 1922 disputationi
469 1849 646 1922 interposuit
671 1867 749 1905 suae.
792 1845 867 1905 Nona
887 1865 1059 1922 quamquam
1080 1862 1183 1904 eurass

138 1933 341 2006 intentiorem,
372 1947 459 2004 quatu
485 1951 557 2008 quae
577 1934 720 2007 praestita
743 1932 779 1989 als
799 1929 855 1990 hoe
873 1942 935 2000 est,
956 1932 1062 1988 merito
1082 1927 1129 1986 lais
1148 1930 1181 1987 iu

134 2015 223 2073 rclsue
246 2035 324 2073 nuno
343 2015 476 2092 flagitare
494 2017 636 2086 solemus,
674 2035 743 2074 roro
766 2026 861 2073 tamen
883 2014 988 2074 defecit
1015 2014 1181 2092 diligentia,

133 2104 161 2159 si
182 2119 241 2174 qua
256 2101 382 2177 insignis
404 2103 531 2157 occurrit
547 2103 687 2157 carminis
709 2099 894 2177 anihiguitas.
937 2099 986 2157 Ex
1006 2096 1061 2156 lsoo
1087 2096 1180 2174 igitur

132 2203 258 2242 recensu
275 2188 398 2258 primum
413 2186 588 2257 perspicitur
601 2184 688 2257 illud,
708 2184 784 2260 quod
799 2182 1003 2242 Trincavellus
1021 2184 1178 2258 plerum·

131 2288 205 2344 que
226 2267 407 2326 Paullino
428 2268 531 2327 lilsro
553 2279 611 2327 turn
627 2280 796 2328 constanter
810 2267 952 2339 arthemii,
971 2278 1005 2323 ut
1017 2269 1088 2325 sitia
1103 2267 1177 2338 eius,

131 2366 197 2411 tutu
219 2371 272 2427 per
289 2373 320 2410 se
333 2353 469 2409 facillime
483 2352 739 2428 deprehendendo,
767 2364 828 2412 tum
846 2371 884 2409 ex
904 2349 1032 2411 'l'rieli
1044 2351 1177 2409 nianis

131 2440 218 2497 lilsris
242 2437 360 2494 facilius
381 2439 469 2500 etium
492 2436 697 2511 emaculanda,
732 2456 818 2512 saepe
852 2439 963 2495 intucta
991 2437 1177 2540 relintpueret.

132 2522 278 2596 Exempla
293 2532 362 2578 sunt
376 2518 463 2578 lance:
487 2543 516 2580 r.
533 2526 590 2585 28.
604 2521 697 2580 edidit
710 2540 746 2578 cx
760 2521 896 2580 l’aullino
909 2516 998 2599 ἴδμεν
1013 2515 1042 2580 d'
1060 2514 1120 2579 εντ’
1135 2511 1175 2579 ds

130 2604 308 2684 ἕθῦωμεν,
332 2605 384 2661 ubi
399 2608 496 2667 uerius
508 2607 584 2684 apud
599 2602 626 2664 T
628 2608 776 2665 riclinium
791 2600 830 2667 ἂν
845 2605 936 2679 alost.
979 2601 1084 2661 Parem
1101 2608 1177 2660 eon·

130 2693 275 2748 ditionem
296 2688 404 2747 ltalsent
424 2711 453 2749 r.
466 2692 526 2753 29.
547 2685 590 2751 δεῖ
596 2711 611 2762 ς
621 2685 756 2771 μεγάλου
772 2709 825 2765 pro
834 2682 970 2769 μεγάλαν
991 2682 1053 2768 (aie
1068 2685 1178 2746 Marel-

131 2777 198 2852 lus)
219 2769 299 2847 duic,
322 2795 352 2836 r.
371 2775 427 2836 37.
444 2772 510 2834 αἰὲν
523 2770 665 2851 diriperae
683 2794 736 2851 pro
753 2770 839 2846 ionic
853 2767 1015 2851 liupana,
1035 2774 1092 2834 42.
1114 2765 1177 2832 ‹lal-

130 2856 205 2938 ματ’
224 2849 395 2921 ἀθανάτων
409 2877 461 2933 pro
476 2851 606 2936 δώματα
621 2852 791 2922 ἀθανάτων
810 2861 887 2934 (tit,
908 2866 942 2914 ut
956 2856 1087 2929 videtur,
1107 2853 1176 2916 Mo·
1218 2900 1224 2909 -

132 2943 259 3021 relius),
274 2945 329 3004 72.
344 2936 482 3023 βρόντην
495 2962 548 3017 pro
561 2940 710 3026 βροντὴν,
729 2945 786 3006 79.
801 2938 857 3021 ἥδε
876 2972 913 2987 -
927 2933 1080 3002 donodono
1091 2932 1173 3017 proe‘p

135 3027 171 3089 dc*
190 3059 226 3069 -
238 3020 399 3098 ἁπασέων,
419 3030 475 3090 86.
490 3040 521 3085 et
534 3029 590 3091 96.
605 3022 653 3089 ll*
674 3045 729 3101 pro
744 3020 761 3090 ὃ
774 3022 819 3088 d'.
864 3023 1006 3083 Contra
1028 3042 1087 3080 uno
1108 3025 1175 3081 loco

130 3130 284 3190 perperam
298 3112 466 3171 l'aullinum
487 3111 616 3170 codicem
637 3112 767 3189 neglexit
780 3121 811 3168 et
825 3112 960 3167 vitiosam
974 3105 1114 3165 Triclinii
1130 3109 1174 3165 le·

129 3202 258 3256 etiouesn
275 3198 478 3270 praeoptarit,
497 3215 525 3253 r.
543 3196 622 3258 524.
638 3191 726 3257 iocos
741 3193 909 3270 reponendo
927 3210 980 3266 pro
994 3184 1069 3254 loos.

213 3279 365 3339 Deinde
401 3281 557 3356 aliquoties
589 3278 792 3340 Triclinio
822 3278 1001 3352 obsequutus
1025 3285 1089 3351 est,
1117 3275 1175 3335 etat

127 3385 188 3425 non
212 3369 341 3441 peiorem
364 3376 441 3421 certe
464 3367 639 3438 scripturam
659 3367 812 3442 praeberet
828 3362 981 3421 Paullinus
1001 3359 1084 3419 liber.
1122 3356 1176 3416 Sis

128 3469 160 3511 r.
179 3452 238 3512 24.
261 3467 314 3524 pro
327 3444 427 3509 ἕσσον
441 3450 551 3522 recepit
564 3445 685 3523 ἔωσαν,
707 3451 764 3512 28.
782 3441 996 3527 μυθήσασθαι
1010 3464 1065 3521 pro
1078 3435 1177 3525 pppd-

129 3539 264 3605 σασθαν,
275 3536 332 3596 97.
346 3527 405 3610 ῥέα
418 3551 469 3608 pro
482 3529 557 3615 ῥέεν.
578 3530 810 3592 Contrarium
825 3532 913 3590 semel
926 3530 1034 3591 accidit
1046 3547 1121 3587 rere·
1132 3527 1176 3600 5.,

130 3621 180 3677 alsi
196 3636 285 3693 quum
303 3615 465 3675 Triclinius
480 3620 646 3694 scripsisset
660 3623 850 3701 περμησοῖα,
872 3634 909 3674 ex
924 3614 1061 3676 Paullino
1076 3631 1177 3674 susce-

132 3718 211 3780 ptum
227 3714 274 3760 est
288 3707 490 3782 περμησσοῖα.

140 3856 427 3879 p-—nn———u-n

165 3953 193 4020 t)
213 3951 384 4016 Quamquam
404 3947 561 3999 Tricliniani
579 3945 680 3997 codicis
702 3945 807 3997 indoles
824 3945 1042 4013 Goettlingii
1061 3941 1177 4007 diligen-

199 4023 235 4069 tia
256 4035 341 4084 nuper
361 4018 524 4083 aliquantum
543 4027 581 4064 cst
597 4016 738 4076 illustrata,
756 4028 842 4066 laurien
857 4034 938 4082 tptstsru
952 4033 1000 4065 nec
1011 4015 1115 4080 plrnsrn
1130 4029 1178 4060 uo-

198 4090 244 4139 lsie
264 4085 394 4138 concedat
412 4089 466 4136 eiras
486 4085 621 4145 notitiam,
639 4101 689 4133 nec
701 4083 851 4134 l'snllinuru
865 4085 983 4134 coelicam
997 4096 1105 4145 usrprsnsn
1120 4079 1180 4129 atti·

205 4158 290 4222 gerit,
306 4156 379 4205 nulla
398 4154 487 4205 aderat
502 4170 596 4214 musa,
614 4170 660 4202 eur
673 4157 860 4205 commentatio
873 4166 959 4203 nostra
973 4160 1016 4200 ant
1033 4147 1180 4199 omittendo

208 4238 255 4276 aut
265 4223 432 4278 immutenda
444 4241 499 4275 osse
511 4221 651 4276 rideretur.
