2626 4882
501 107 585 171 un.
606 107 650 179 11.
697 109 791 175 cer.
815 111 874 177 vi.
1127 114 1204 189 215

81 258 85 265 ’
149 278 184 331 et
196 269 282 335 442.
294 261 484 351 inussisti,
501 288 588 347 quem
601 246 750 333 seribeodi
764 274 906 335 rationem
917 276 987 355 ittet
1004 276 1035 343 H
1042 293 1198 345 emeter-

148 352 291 415 unsis·
308 353 481 413 setisiuerit
495 358 626 428 tutatus,
646 375 707 415 non
725 366 770 417 ett
789 370 886 419 umen
902 367 1196 445 pntttmittenduto,

147 439 231 515 qood
257 436 335 516 Opp.
351 438 433 501 255.
453 438 568 497 eodioes
591 438 782 502 bsnxieni
807 460 899 518 prone
920 463 1020 504 omnes
1042 446 1088 527 (r.
1102 452 1149 512 ed.
1159 472 1195 531 p.

147 517 267 600 282),
288 520 493 581 Dorviiliunus
513 521 616 581 deinde
643 536 672 582 et
695 525 786 584 Poris.
808 529 913 590 2771.
932 546 978 603 op.
998 518 1194 611 Goisiordosi,

148 606 274 682 denique
288 605 476 684 Eitingmsn
496 604 589 665 bones
608 618 697 667 notse
716 612 750 669 in
767 611 862 669 nitere
881 611 975 670 forms
996 613 1119 698 κυδρή
1139 621 1194 679 mi·

145 707 214 749 run
228 693 259 747 in
276 689 394 746 modom
411 694 606 749 consentiunt.
632 724 669 737 -
698 692 731 751 V.
749 693 831 773 401.
847 695 934 754 iidem
950 695 1104 759 exhibent:

231 769 346 846 παῖδας
366 768 398 832 d’
416 769 523 853 ἤματα
543 768 644 837 πάντα
666 768 733 838 ἕοῦ
748 776 949 854 μεταναιέτας
968 773 1043 841 εἶναι
1053 826 1065 858 ,

144 872 202 931 pro
220 849 301 927 ἓοῦς.
344 855 512 934 Singulsris
526 869 624 917 nutem
643 868 689 917 est
703 860 908 937 discrepentiu,
928 879 1001 937 quse
1014 867 1065 923 rix
1081 864 1192 941 dubito,

143 943 220 1015 quin
240 941 410 1023 eritioorum
434 943 618 1016 antiquorum
636 945 807 1004 auctoritati
827 946 998 1007 oseribends
1020 949 1072 1006 sit.
1114 951 1190 1011 For.

142 1042 224 1083 m
243 1025 423 1100 pronominis
450 1026 597 1085 insolitam
620 1031 855 1089 oommemorsvit
882 1030 1060 1106 Apollon.
1078 1031 1189 1111 Dyss.

140 1108 279 1187 dapium
296 1126 328 1186 p.
346 1109 402 1170 98.
422 1107 453 1167 0.
477 1110 512 1167 de
533 1120 609 1187 synt.
634 1110 702 1185 11„
727 1115 782 1176 17.
799 1132 835 1193 p·
857 1114 935 1176 130.
984 1116 1077 1183 Quem
1101 1134 1189 1192 quom

137 1193 182 1274 τῇ
209 1193 281 1253 τεοῦ
310 1182 486 1252 ἀκόλουθον
516 1212 581 1251 esso
607 1195 721 1268 trudat,
749 1199 819 1256 item
846 1195 1096 1260 Doriensiuns
1121 1202 1189 1263 usui

138 1274 327 1343 tribuendum
350 1291 414 1332 esse
436 1277 569 1349 putarim.
612 1278 754 1354 Quicquid
775 1282 838 1338 eius
856 1283 899 1339 rei
923 1283 980 1354 sit,
998 1293 1109 1341 eertum
1130 1296 1187 1359 est,

137 1358 263 1425 andem
283 1359 354 1421 uiitn
379 1361 527 1427 exstitisse
549 1362 580 1416 in
605 1358 764 1421 Homeri
788 1364 998 1438 exemplaribus
1022 1366 1187 1425 Zenodo-

137 1445 230 1502 tsis.
275 1438 307 1499 V.
325 1439 425 1500 Seboi.
451 1442 486 1501 Α.
506 1440 546 1505 17.
562 1448 595 1522 β,
614 1445 696 1506 230.
713 1465 749 1524 p.
768 1447 825 1509 64.
853 1445 893 1505 17.
907 1468 936 1520 τ,
953 1448 1033 1510 384.
1051 1468 1086 1526 p·
1105 1451 1184 1513 528.

135 1522 396 1589 odorannum
411 1524 612 1605 Apollonio
627 1528 686 1587 iuit
696 1529 947 1606 edbibiteArgon.
959 1529 1031 1604 77,
1043 1535 1124 1596 802.
1134 1535 1182 1597 3ο

513 1613 559 1695 τῷ
577 1608 633 1672 καί
645 1633 679 1674 σε
697 1608 890 1693 λιλαιόμενος
906 1611 1058 1694 μεθέηκεν

265 1686 401 1770 trinam,
421 1685 468 1773 μή
489 1715 535 1766 τις
554 1687 623 1759 ἔοῦ
642 1689 785 1772 ἀντάξιος
805 1691 901 1768 ἄλλος
918 1691 1050 1761 ἀνάσσοι

265 1770 449 1839 ἀθανάτων.

133 1856 272 1935 Denique
293 1861 375 1918 notio
392 1861 505 1919 formoe
524 1863 610 1937 plens
634 1881 765 1942 congrue
787 1872 834 1921 est
853 1874 957 1940 poetes
984 1866 1119 1925 oonsilio.
1138 1895 1182 1917 -.

136 1944 173 2005 7.
184 1942 268 2007 795.
284 1943 426 2019 pnsbent
441 1937 643 2025 νήσοτμος
661 1956 692 2004 et
707 1941 912 2026 νησὸτμος
927 1965 979 2022 pro
993 1943 1180 2029 νήυτμος.

131 2026 215 2089 lllud
234 2028 461 2103 suprascriptum
474 2037 520 2086 est
532 2032 564 2086 in
579 2028 719 2090 Medioso.
739 2028 784 2088 De
800 2049 832 2087 rs
846 2031 972 2091 diximus
984 2033 1005 2091 7.
1016 2032 1056 2103 1.,
1069 2053 1096 2090 ο.
1103 2028 1176 2093 111.

130 2144 178 2161 ..
196 2110 330 2186 Denique
351 2131 379 2171 ο.
400 2111 479 2175 748.
502 2114 660 2189 singularis
681 2117 753 2172 item
776 2113 946 2173 obversetur
967 2115 1178 2191 discrepantio3

130 2192 288 2255 Parisinus
312 2198 387 2275 enim
407 2194 554 2252 emendote
576 2194 662 2253 hobet
682 2189 783 2276 ἡμέρη
804 2184 933 2259 ἆσσον
954 2196 1075 2273 ἶοῦσαι,
1098 2198 1178 2257 Bod-

129 2279 250 2347 leisnus
280 2298 318 2337 ex
344 2276 506 2337 Robinsoni
534 2282 703 2337 nometione
726 2298 761 2358 p.
783 2280 866 2342 485.
898 2272 1000 2360 ἡμέρα
1027 2283 1177 2343 τᾶσσον

131 2360 239 2425 ἲοῧσα.
279 2359 356 2421 lliud
373 2380 460 2438 quum
476 2363 615 2437 τείρουσι
637 2359 742 2420 bobest
756 2363 879 2437 aliquem
900 2365 1084 2437 antiquitatis
1104 2381 1176 2421 eon·
1285 2382 1299 2405 ·

130 2445 250 2521 dorem,
274 2462 328 2523 pro
351 2448 432 2504 ruris
459 2447 603 2525 seripturis
625 2444 730 2505 exinde
751 2455 911 2525 propugsts
930 2444 1091 2506 bobendon
1111 2464 1177 2506 esso

129 2549 251 2591 oenseo.

216 2612 292 2671 Cum
310 2614 409 2673 oodioe
426 2610 670 2673 Londinensi
686 2614 750 2671 solo
764 2631 905 2690 perpetres
920 2614 1085 2672 eommunis
1104 2620 1175 2671 sunt

127 2695 311 2757 Publilio
334 2699 379 2770 1.,
407 2699 488 2755 velut
508 2716 537 2755 ο.
558 2698 615 2759 32.
639 2696 730 2777 θείην
753 2697 806 2757 ἵνα
828 2690 948 2775 uidesne
968 2730 1009 2745 -
1031 2699 1075 2757 sie
1095 2699 1174 2765 enin

127 2776 297 2841 Robinsoni
321 2783 520 2840 testimonium
535 2799 570 2858 p.
585 2780 668 2843 484.
687 2781 829 2857 explicari
852 2780 937 2838 debet
963 2812 1020 2853 -‚
1061 2799 1089 2839 ο.
1113 2782 1172 2843 48.

126 2857 284 2945 λήγουσα(
296 2859 326 2926 τ’
343 2861 449 2944 ἀοιδῆς
463 2874 493 2921 et
514 2883 541 2922 υ.
553 2864 635 2926 433.
648 2859 779 2943 andoin
788 2909 798 2938 ,
819 2881 991 2939 quemquem
1008 2865 1040 2921 in
1063 2863 1173 2921 Perist-

127 2944 348 3010 no‘b'erosum
368 2959 420 3006 est.
460 2945 519 3004 Sed
545 2948 624 3024 quod
647 2947 750 3005 iisdem
768 2947 851 3005 libris
872 2966 920 3005 συ.
943 2948 1045 3010 1020.
1069 2947 1172 3008 1021.

128 3034 233 3091 omissi
256 3042 344 3105 sunt,
372 3050 429 3108 qus
450 3031 486 3088 ds
507 3049 540 3087 re
561 3032 605 3087 eis
626 3050 689 3088 oum
710 3032 840 3106 pluribus
856 3034 1076 3089 convenitne.
1093 3027 1171 3087 Len·

126 3118 259 3177 rontinis
282 3116 393 3173 duobos
415 3116 524 3173 soeculi
549 3117 661 3172 tertii
679 3114 809 3172 decimi
834 3123 864 3170 et
890 3115 991 3171 sexti
1016 3112 1172 3186 deoimi,

127 3196 167 3259 de
187 3198 292 3275 quibus
314 3198 531 3257 Bendinins
553 3197 628 3255 dixit
650 3199 747 3259 Gatol.
771 3195 1171 3276 ron.11.,p.95.142·,

128 3292 249 3360 poteret
261 3281 291 3341 id
304 3302 322 3341 u
336 3283 460 3340 diversis
474 3280 639 3339 bominibus
654 3280 755 3338 eodeni
774 3282 898 3338 oonsilio
919 3280 1042 3337 institui.

217 3363 276 3423 Sed
297 3366 348 3423 ubi
371 3364 519 3423 eodieibns
540 3365 674 3423 Porisino
693 3367 724 3427 l.
747 3372 777 3421 et
799 3363 979 3423 Londinensi
1001 3362 1171 3421 sdinnxerit

127 3446 344 3524 Bodleionum,
370 3451 474 3507 mirum
495 3460 633 3522 quantum
662 3447 824 3525 odsngetur
851 3446 1000 3507 affinitatis
1029 3448 1170 3525 grevitne.

129 3530 281 3593 Convenit
304 3535 381 3590 enim
399 3535 476 3590 inter
495 3531 550 3589 bos
572 3531 607 3589 de
628 3532 716 3589 rebu's
739 3542 901 3591 memoratu
918 3534 1042 3589 maxime
1063 3529 1169 3605 dignis.

128 3614 245 3677 Bonam
259 3619 382 3693 speeiem
395 3615 503 3674 babent
523 3634 553 3674 σ.
569 3615 624 3677 94.
639 3612 673 3676 ἓν
687 3609 747 3695 γὰρ
761 3607 942 3690 Μουσάων,
964 3633 992 3671 υ.
1006 3612 1086 3674 403.
1101 3611 1170 3685 ἐντι-
1220 3680 1224 3687 ¹

129 3696 294 3778 πλομένων
314 3696 348 3759 d'
365 3696 531 3774 duraverim,
557 3699 607 3757 ubi
630 3698 775 3759 Medieens
794 3699 856 3773 fere
877 3699 1038 3766 consentit,
1063 3695 1170 3752 omisso

130 3784 251 3861 quidem
279 3784 440 3858 puticulis,
474 3802 502 3841 ο.
526 3782 605 3845 732.
628 3776 771 3858 πύλας,
810 3782 888 3844 847.
910 3774 1047 3856 ἵζεεδὲ
1065 3767 1168 3854 χθών.

131 3868 176 3926 At
197 3868 322 3945 pessimo
342 3865 481 3925 exhibent
500 3884 528 3924 α.
554 3868 633 3929 178.
654 3875 684 3924 et
703 3885 731 3925 α.
750 3866 832 3928 249.
874 3863 929 3922 111ο
949 3862 1029 3920 enim
1049 3861 1112 3918 loeo
1131 3870 1170 3915 ex

131 3948 231 4013 bond.
252 3962 283 4012 et
304 3948 390 4011 unn
420 3945 460 4013 ἓν
482 3949 619 4029 λοχοῖο
637 3950 756 4011 noterit
778 3948 938 4011 Robinson·
954 3962 990 4027 p·
1005 3943 1107 4018 484,
1131 3956 1170 4001 ex
