2626 4882
7 303 16 326 '
128 339 176 407 es
402 336 462 400 ou
490 338 655 399 nunno.
677 336 905 399 unuocou.

126 501 274 576 Rhodius,
292 501 401 560 Aratus
408 543 418 576 ‚
433 501 542 576 aliique
553 501 612 560 ists
623 496 816 558 contrahendi
830 500 951 557 licentia
965 499 995 557 in
1010 495 1066 556 hoc
1081 515 1164 557 roes·

128 589 197 646 bulo
221 590 307 664 plane
331 585 521 643 abstinerent.
561 581 672 642 Contra
696 593 825 659 ternpore
852 581 997 641 Hesio'deu'
1030 586 1166 641 memoris

131 674 228 748 paullo
246 669 403 729 recentiori
421 669 502 725 ritae
519 686 590 724 usus
612 667 685 726 adeo
708 687 739 725 ee
756 669 916 727 insinuavit
932 668 1042 742 poetis,
1060 677 1095 725 ut
1109 685 1167 725 sae·

132 760 250 833 pissime
278 773 345 812 eum
373 754 626 829 amplecterentur.
674 750 772 810 Veluti
799 751 888 814 θεοὶ
916 771 1003 810 uuum
1027 751 1168 828 syllabus

134 839 222 903 efficit
240 847 303 898 ιιιιιι
320 840 439 896 ineunte
456 852 560 910 versu,
579 856 609 893 r.
625 854 650 893 c.
670 833 836 915 Theognid.
852 854 880 894 ο.
899 837 979 898 142.
994 837 1094 907 660,
1112 844 1170 892 tum

134 923 246 996 medio,
264 941 294 981 r.
315 939 342 980 c.
364 919 440 997 apud
459 930 572 996 poetam
593 921 756 993 incertum,
777 920 906 978 fortasse
923 919 1119 990 Hesiodea,
1136 918 1170 976 ab

136 1007 281 1065 Strabone
293 1007 413 1062 citatum
425 1005 446 1063 l.
465 1007 515 1077 8.,
531 1023 568 1084 p.
586 1005 665 1065 569.
677 1003 713 1062 A.
755 1002 871 1062 Pariter
890 1001 991 1065 θεῶν
1011 1013 1077 1062 tum
1092 1003 1172 1061 initio

136 1108 259 1161 versus,
280 1097 314 1148 ut
336 1087 499 1149 Minoem.
520 1105 570 1163 sp.
589 1086 727 1146 Strabou.
749 1089 771 1149 1.
791 1089 862 1160 ld,
883 1105 918 1165 p.
943 1088 1024 1150 041.
1038 1086 1097 1164 Α,
1117 1098 1174 1145 ιιιι

137 1176 279 1252 principio
293 1171 464 1246 posterioris
479 1173 656 1248 pentametri
670 1173 780 1247 partis,
800 1183 834 1231 ut
849 1170 1080 1248 Solamfrugm.
1099 1169 1175 1243 XV„

138 1260 190 1334 2,,
214 1256 349 1335 Theogu.
368 1276 398 1319 e.
420 1257 504 1318 202.
529 1258 630 1328 330,
657 1264 721 1314 tutu
742 1257 809 1314 aliis
830 1258 922 1328 locis,
943 1268 977 1314 ut
998 1254 1132 1335 Theogu.
1149 1273 1176 1314 e.

143 1342 247 1406 1148.
264 1343 311 1399 cll.
327 1339 409 1399 Voss.
420 1359 490 1399 one.
503 1343 547 1402 aa
560 1341 590 1402 l.
605 1339 672 1400 Cer.
687 1360 716 1400 ο.
733 1341 789 1402 55.
834 1339 948 1399 Deinde
966 1335 1090 1412 θεοὺς
1110 1358 1177 1417 quo-

140 1428 242 1502 quein
254 1444 343 1483 uuam
360 1425 520 1502 syllabam,
541 1427 612 1484 lieet
630 1426 744 1499 rarius,
764 1426 915 1496 coalescit,
935 1433 970 1480 ut
984 1422 1082 1483 medio
1095 1441 1178 1481 versu

139 1529 189 1586 ap.
211 1509 344 1587 Theogu.
366 1527 393 1567 e.
415 1508 520 1572 1144.
564 1507 698 1584 Denique
727 1507 967 1583 quemadmodum
997 1509 1111 1581 θεοῖς
1130 1526 1178 1584 pro

139 1612 200 1652 uns
216 1593 328 1672 syllaba
342 1604 388 1650 est
401 1590 567 1671 Theognidi
581 1612 609 1652 c.
626 1593 707 1656 653.
722 1593 860 1668 aliisque,
881 1595 925 1650 sic
940 1596 1100 1654 θεοῖσιν
1112 1609 1179 1666 quo·

142 1697 198 1756 que
219 1677 396 1756 disyllabum
418 1686 532 1751 exstat,
560 1688 591 1736 et
613 1679 853 1748 insumerem,
872 1690 905 1736 ut
923 1678 954 1734 iu
968 1674 1097 1754 Pythsg.
1111 1678 1176 1736 diet.

142 1783 211 1822 aar·
227 1782 255 1821 ν.
266 1762 335 1834 49,
351 1773 380 1820 et
391 1762 535 1837 principio
552 1764 673 1820 alteriue
687 1763 857 1835 pentametri
872 1763 983 1835 partis,
999 1770 1033 1817 ut
1046 1758 1177 1839 Theogu.

143 1867 171 1905 v.
189 1847 270 1908 762.
290 1847 371 1907 944.
390 1846 492 1907 1116.
512 1874 556 1890 -·
576 1844 696 1918 Insuper
719 1844 829 1922 Tlieog.
849 1864 881 1902 ο.
898 1846 977 1908 983.
996 1847 1120 1902 ineunte
1134 1846 1180 1904 als·

143 1939 281 1988 versatur
300 1929 405 2006 βοῶν
428 1922 506 1988 ἕνεκ’
523 1922 701 2000 cilinium,
722 1928 899 2006 quiquidem
914 1932 996 1986 locus
1013 1934 1180 2005 quemquam

146 2015 224 2072 citra
243 2023 345 2088 poetae
367 2013 520 2069 consilium
532 2013 721 2089 interpositus
736 2014 796 2069 illic
812 2022 859 2070 est
865 2058 875 2088 ,
896 2024 993 2072 tameo
1014 2017 1097 2073 oruui
1109 2023 1180 2071 eete-

145 2101 253 2174 ruquiu
273 2104 360 2154 vacat
381 2094 543 2153 offensione
566 2106 597 2153 et
620 2096 749 2174 genuino
768 2096 908 2156 Hesiodei
929 2098 1073 2156 sermonis
1090 2099 1183 2156 colore

147 2183 324 2258 compienne
338 2189 393 2242 est.
409 2209 453 2224 -·
473 2177 629 2239 Praeterea
645 2177 758 2258 Theog·
780 2182 858 2243 732.
877 2184 1024 2256 reperitur
1043 2181 1183 2243 Ποσει-

148 2265 225 2327 δῶν
254 2274 305 2322 ιιι
331 2260 568 2326 Ποσειδέων
595 2267 705 2338 potius,
737 2276 842 2324 neutra
860 2286 931 2324 vero
951 2267 1046 2323 sortus
1064 2265 1105 2324 sd
1127 2264 1194 2325 He·-

147 2351 272 2408 mericae
285 2347 505 2406 consuetudinis
525 2348 743 2407 similitudinem
762 2353 880 2426 aspirat.
921 2348 1053 2425 Denique
1073 2354 1185 2425 inipso

147 2431 205 2491 lsoc
225 2435 372 2508 prooemio
385 2452 414 2492 ο.
434 2434 505 2498 lo:
980 2486 983 2491 .

274 2511 330 2597 η’δὲ
340 2509 550 2578 Ποσειδάωνα
571 2509 782 2597 γαιήοχον,
804 2514 1005 2598 ἐννοσίγαιον,

149 2601 302 2681 egregium
324 2611 435 2675 prestet
455 2600 594 2659 licentiae
615 2600 827 2660 documentum.
877 2601 1021 2661 Videlicet
1049 2599 1189 2660 Homems

149 2687 202 2744 ubi
222 2684 376 2758 Neptunus
400 2686 578 2742 nominativo
600 2694 652 2742 aut
672 2689 810 2745 vocativo
825 2705 894 2743 cusu
912 2698 975 2745 erat
992 2685 1190 2762 appellendus,

152 2769 255 2827 crebro
272 2788 387 2826 versum
408 2767 505 2826 eadem
525 2768 746 2827 continuatione
763 2773 934 2844 complevit.
977 2769 1012 2828 V.
1029 2770 1070 2829 ΙΙ.
1084 2792 1117 2846 v,
1136 2771 1191 2832 34.

156 2852 213 2913 Od.
227 2876 248 2928 s,
267 2851 345 2915 528.
365 2873 394 2932 y,
411 2850 467 2911 55.
508 2850 567 2908 Ubi
584 2860 682 2908 autem
700 2855 759 2910 sliu
772 2857 913 2912 cretionis
924 2856 1019 2912 forma
1033 2872 1107 2928 opus
1121 2862 1192 2924 eret,

153 2939 227 2994 scite
249 2934 285 2992 ab
308 2938 367 2994 ista
389 2936 502 2992 ratione
527 2934 662 3008 deflexit,
681 2954 709 2994 v.
733 2957 759 2993 c.
782 2938 968 3014 11.e,200.
987 2941 1014 3012 ξ,
1034 2939 1118 3001 357.
1158 2937 1193 2996 At

154 3019 231 3097 quod
254 3016 358 3078 horum
377 3020 539 3077 carminum
553 3014 667 3080 auctori
682 3024 854 3094 permissum
867 3043 926 3080 uon
942 3016 1021 3096 eret,
1042 3024 1131 3082 licuit
1144 3040 1194 3080 nu·

155 3115 236 3180 stro3
257 3122 311 3163 uec
333 3105 482 3175 licuisset,
504 3106 562 3162 nisi
581 3105 715 3184 vulgaris
739 3107 920 3165 cousuetudo
943 3109 1024 3166 riam
1043 3110 1193 3181 praeisset.

155 3189 237 3249 Heec
254 3190 344 3268 igitur
365 3190 497 3264 exempla
517 3187 591 3247 illud
611 3189 646 3246 de
668 3208 725 3267 quo
737 3209 815 3250 nunc
831 3192 953 3251 dicimus
968 3193 1077 3254 mirum
1091 3193 1124 3248 iu
1140 3210 1196 3250 ιιιο·

156 3273 226 3331 dum
240 3273 414 3330 confirmant
428 3282 515 3350 atque
531 3274 695 3330 illustrant.

179 3408 184 3415 .
240 3355 300 3413 lusu
315 3376 386 3414 vero
401 3374 438 3412 uc
455 3359 520 3430 quis
533 3355 618 3415 hasce
639 3377 686 3416 res
710 3361 798 3418 nimie
816 3360 1000 3439 indignetur,
1026 3376 1199 3436 quamquem

156 3440 209 3497 vix
221 3451 325 3513 poetae
340 3442 414 3497 vitio
431 3445 663 3517 semipuerum,
684 3444 835 3502 eademne
857 3463 946 3519 prope
968 3447 1086 3522 gemina
1105 3462 1200 3501 exem·

158 3524 209 3597 pla
230 3532 261 3580 et
282 3524 451 3599 reliquis
479 3525 718 3584 carminibus
738 3527 946 3586 Hesiodeie
967 3539 997 3585 et
1016 3547 1089 3587 vero
1113 3530 1201 3586 etiam

159 3605 381 3665 Homericis
419 3607 536 3681 iusque,
584 3610 688 3684 quibus
723 3614 882 3691 vulgari
917 3611 1202 3688 pronuntiandi

158 3689 266 3749 modo
287 3689 363 3748 haud
386 3690 523 3763 obscure,
554 3703 588 3750 ut
612 3696 654 3751 ito
677 3694 788 3767 dicam,
823 3695 1076 3770 praeluditur.
1128 3696 1203 3755 Nolo

161 3773 294 3850 equidem
307 3773 430 3878 5¹¹,„¹¹3¹¹‚⁰
442 3786 554 3879 parqcm
572 3776 684 3881 tpulpere
701 3779 740 3839 ΙΙ.
758 3793 796 3855 ψ,
813 3782 909 3844 724.ι

162 3943 215 4001 ubl
229 3880 351 4021 dvlsrpn'
371 3880 631 4019 ddde‘drddddldduud
643 3861 809 4004 addidedddt
827 3947 964 4021 Spitzn
974 3966 1058 4006 erus
1075 3949 1113 4008 de
1128 3908 1207 4006 vere.

162 4025 254 4086 Hom.
271 4045 306 4106 p.
324 4028 402 4090 187.
425 4037 454 4084 et
471 4024 731 4089 Thiersohius
754 4034 811 4092 Gr.
827 4051 875 4108 gr.
903 4034 999 4105 149.‚
1021 4034 1054 4093 3.
1070 4051 1107 4112 p·
1127 4035 1211 4095 218.

161 4108 249 4171 Nihil
261 4113 340 4170 euim
362 4111 475 4184 obstat,
496 4116 649 4188 quominus
662 4117 695 4174 iu
710 4119 852 4192 principio
872 4136 974 4175 versus
987 4118 1038 4174 liat
1053 4119 1212 4193 synizests,

164 4193 244 4271 qued
255 4197 375 4276 quidem
388 4213 482 4277 genus
499 4199 619 4274 reliquis
635 4201 724 4283 longe
737 4202 916 4264 tolerabilius
930 4211 976 4260 cst
995 4220 1029 4261 ne
1047 4205 1145 4281 magis
1158 4218 1214 4259 usu
