2626 4882
475 370 559 437 ΠΒ.
580 371 606 437 1.
656 370 748 437 CAP.
774 373 817 439 Χ.
1100 376 1172 445 115

208 534 446 595 Perventum
467 534 563 596 ertsd
578 538 736 595 elteram
757 534 1172 604 orlueosRubukenio·

116 616 191 689 nne
214 635 373 698 partem,
392 639 465 698 quoe
485 621 545 680 init
565 622 603 679 in
624 620 874 699 indagatione
894 626 1173 701 interpolatio·

117 726 206 769 num
227 716 380 783 occupets.
426 707 520 774 Quum
547 715 582 763 ut
601 707 813 765 nobilissimum
837 706 923 765 duxit
944 710 1041 769 critici
1056 731 1172 788 munus,

118 794 168 851 ito
183 810 296 850 summo
314 801 345 848 et
363 790 583 849 accuratissimo
599 789 697 847 studio
713 793 801 849 ctiam
816 788 871 849 boc
883 794 914 851 in
929 805 1014 868 poete
1039 807 1172 856 tructan-

120 876 193 937 den
214 874 349 953 suscepit.
391 872 555 933 Prudenter
578 884 675 932 autem
697 884 726 931 ct
745 886 832 933 caute
858 894 970 937 omnem
986 898 1046 937 rem
1065 881 1109 939 sio
1125 893 1171 941 cst

122 978 297 1040 eggressus,
330 967 367 1016 ut
390 961 513 1032 primurn
541 960 730 1017 instituti
750 963 946 1021 rationem
972 973 1007 1020 et
1034 982 1170 1025 esurus

121 1054 259 1105 secuisse
281 1047 471 1119 explanaret,
500 1042 604 1101 deinde
624 1044 800 1119 exemplo
820 1044 940 1124 singulo
964 1064 1024 1106 nou
1048 1048 1170 1123 periun-

120 1130 235 1201 ctorie,
256 1128 310 1185 scd
325 1128 466 1187 distincte
482 1138 513 1186 et
527 1128 641 1186 curiose
663 1137 857 1203 percenseret.

209 1212 251 1271 lle
272 1214 429 1287 primum
450 1211 567 1288 quidem
582 1210 793 1271 sdverteudum
806 1210 879 1271 illud
896 1212 1037 1289 estquod
1052 1210 1173 1275 Robu-

123 1290 266 1357 ireuiue
287 1299 378 1368 istos,
417 1313 490 1372 quoe
517 1294 715 1373 perquirebat,
749 1299 930 1355 carminis
950 1297 1174 1374 interpola-

122 1383 261 1442 tiones
281 1399 340 1439 non
360 1378 398 1438 nd
417 1385 614 1441 recentiorum
627 1375 775 1439 boninum
790 1391 954 1455 stuporem,
976 1383 1028 1441 ved
1040 1384 1077 1441 ed
1092 1388 1173 1445 nnti-

121 1468 331 1545 quissinornur
344 1474 506 1541 temporum
522 1466 728 1544 negligentium
743 1464 869 1524 rettulit.
911 1464 988 1525 Nam
1001 1484 1090 1544 quum
1109 1488 1174 1527 cre·
1255 1468 1260 1480 '

121 1549 250 1609 berriure
263 1546 342 1608 bunc
354 1560 472 1625 poetam
486 1551 731 1625 interpolatorum
745 1566 848 1609 manus
862 1553 989 1610 scuslsec
1004 1551 1172 1625 affirmaret,

122 1637 185 1694 cius
201 1636 247 1692 roi
263 1652 324 1692 uon
339 1634 426 1692 molo
442 1644 545 1693 tentem
560 1633 683 1691 adduxit
704 1630 936 1692 Pausaniam
960 1632 980 1693 i.
1002 1634 1070 1706 11.,
1093 1638 1172 1710 uo,

121 1734 229 1779 verum
246 1718 382 1777 adiunxit
402 1720 491 1778 etium
509 1730 639 1777 veterum
661 1719 828 1777 criticorum
847 1720 1027 1790 memorium,
1048 1737 1173 1797 quorum

123 1807 282 1879 praecipua
303 1804 335 1861 in
355 1800 459 1861 burum
473 1820 571 1859 rerum
587 1802 833 1879 pervestigatione
855 1800 945 1860 suerit
968 1816 1086 1862 remoto
1104 1804 1173 1863 dili·

125 1888 236 1967 gentio.
277 1886 455 1964 Quamquam
470 1885 502 1943 ln
515 1885 569 1945 hae
583 1887 728 1944 sententia
740 1888 792 1944 vix
807 1903 1011 1962 usquequaque
1027 1887 1084 1947 sibi
1102 1908 1174 1947 oon·

125 1973 217 2029 vtitit.
256 1962 405 2029 Deinde
423 1971 549 2047 dupplex
563 1972 666 2029 etetuit
680 1988 773 2049 genus
786 1970 1058 2045 interpolatiouuou:
1081 1988 1174 2032 uuum

124 2054 203 2133 quod
218 2066 369 2115 externum
382 2057 522 2113 carminis
538 2057 661 2132 speeiem
676 2054 842 2127 iuieetovit,
862 2056 1005 2126 alterurn,
1026 2057 1057 2112 in
1074 2074 1175 2116 rerum

125 2138 323 2216 descriptione
340 2140 443 2213 situm,
466 2139 542 2216 quod
560 2156 596 2196 ex
609 2141 697 2196 lolius
710 2140 846 2196 carminis
866 2138 962 2196 indole
984 2143 1105 2215 coargui
1120 2157 1174 2197 vo·

123 2224 188 2283 luit.
232 2224 383 2296 Alterum,
405 2226 474 2283 licet
493 2225 714 2303 verissimum,
735 2239 789 2280 nco
811 2226 975 2282 accuratius
1002 2225 1175 2300 explanarit

123 2326 214 2385 quarn
229 2310 291 2365 rim
304 2306 424 2381 hebent,
442 2326 497 2366 uec
512 2308 613 2365 moltis
627 2304 700 2365 locis
713 2304 837 2380 detexit3
858 2303 931 2365 illud
943 2324 1014 2365 vero
1033 2318 1063 2365 et
1083 2304 1173 2387 longo

127 2395 264 2451 oratione
288 2395 445 2450 exornavit
474 2402 503 2449 et
530 2391 669 2465 exemplis
698 2388 821 2449 idoneis.
865 2390 981 2469 Quippe
1007 2394 1173 2463 semidocti,

126 2480 189 2548 nit,
215 2478 382 2552 magistells‘
403 2479 452 2535 vel
476 2476 615 2535 Codicum
639 2472 765 2532 iocsuss
786 2476 822 2533 de
843 2477 960 2550 ingenio
982 2476 1173 2553 supplebant,

126 2556 177 2619 cei
197 2579 274 2638 quoe
287 2563 427 2638 proesiuo
452 2568 509 2617 sut
529 2558 681 2617 obruerint
704 2559 789 2618 dicte
814 2568 930 2630 emere,
959 2560 1071 2617 redditio
1091 2562 1174 2617 nonio

125 2644 261 2704 cerodae
276 2640 486 2714 illustrabunt,
505 2644 554 2702 ccl
574 2644 667 2723 quoius
681 2651 794 2721 poetae
816 2660 921 2701 versus
937 2644 1104 2721 inportune
1123 2661 1175 2702 re·

120 2728 288 2809 petebant,
310 2728 552 2801 traanevednnt,
573 2726 735 2787 mutabant.
779 2722 867 2785 Talia
882 2736 934 2784 out
951 2743 1034 2800 ponec
1048 2727 1174 2784 rationi·

126 2815 181 2871 bue
205 2812 331 2891 coargui
351 2811 484 2887 putabet,
505 2821 558 2869 aut
577 2811 733 2887 persentiri
750 2811 867 2884 saltem,
892 2809 977 2869 modo
997 2811 1061 2887 quis
1082 2812 1174 2869 mults

125 2896 233 2955 borum
248 2910 398 2971 puerorum
413 2898 538 2955 lectione
553 2898 584 2955 iu
603 2899 709 2955 instaur
729 2911 829 2954 eorum
851 2894 1090 2953 consuetudinem
1111 2912 1175 2951 sese

127 2983 333 3040 insinuaverit

216 3061 341 3123 Nolim
368 3064 400 3123 in
428 3083 536 3145 genere
558 3058 697 3123 odressuu
722 3059 794 3121 bsco
816 3059 976 3137 disputuri3
1009 3076 1081 3119 uera
1103 3077 1174 3117 sanc

129 3156 220 3220 nunt,
241 3149 267 3205 si
289 3167 356 3207 rere
377 3158 576 3228 peraguntur:
604 3150 704 3223 inepto
723 3146 798 3205 liunt
814 3154 846 3202 ct
864 3149 966 3218 irrita,
987 3146 1012 3201 si
1029 3145 1174 3201 curiosius

126 3231 336 3293 traducuntur.
377 3230 477 3309 ltaque
493 3232 631 3290 iudicium
647 3233 704 3288 erlt
721 3247 757 3286 cx
774 3230 958 3307 singulorum
974 3229 1174 3302 exemplorum

126 3316 367 3377 conciderutionc
389 3316 629 3393 suspendendum.
671 3313 705 3373 ln
728 3310 774 3372 bis
797 3324 910 3385 arrtcm,
937 3316 995 3371 etsi
1015 3311 1174 3371 uerendum

126 3400 199 3460 vuibi
220 3412 284 3471 est,
311 3419 349 3458 ne
370 3411 474 3458 temere
496 3418 604 3479 uuegno
627 3398 692 3456 viro
715 3396 831 3475 obloqui
856 3398 973 3467 ridear,
1000 3399 1052 3455 vix
1075 3406 1173 3455 tamen

127 3482 325 3543 Rubnlreninn
347 3485 439 3543 multo
462 3480 592 3542 effecisse
614 3480 761 3559 putandus
779 3492 833 3539 est.
875 3474 1018 3541 Videlicet
1034 3489 1127 3537 ortem
1142 3490 1174 3537 et

129 3570 280 3647 ingenium
300 3579 450 3643 poetarum
474 3570 743 3644 untiquissimorum
764 3569 900 3640 opinione
918 3566 1013 3641 potius
1028 3563 1081 3623 bno
1098 3568 1128 3621 in
1143 3578 1175 3621 re

130 3655 297 3727 praecepit,
325 3668 409 3729 quum
429 3663 565 3711 neourote
584 3652 787 3711 observatione
809 3650 964 3725 subtilique
993 3648 1102 3706 iudicio
1125 3648 1177 3705 dc*

130 3735 287 3812 prebendit
309 3746 395 3813 utque
409 3739 553 3811 pernovit.
596 3734 665 3792 Non
681 3751 814 3793 revereor
828 3732 900 3792 baec
917 3734 1012 3807 paluun
1027 3732 1175 3807 profiteri&

130 3820 317 3897 nequeenim
334 3822 366 3878 iu
383 3818 591 3878 Ruhnkeuiunr
603 3822 716 3891 virum,
745 3821 879 3877 aoerrilui
895 3819 977 3875 illuns
993 3817 1093 3875 iudicii
1105 3831 1176 3871 con⁴

130 3906 430 3983 summutiesimueque
443 3904 610 3985 doetrinne,
630 3902 724 3965 sedin
738 3904 870 3962 iuvenem
885 3905 983 3977 potius
1004 3899 1082 3955 dictu
1096 3906 1175 3965 suunt,

130 3991 267 4048 iuvenem
282 3990 364 4047 illum
380 3988 496 4067 quidem
511 3982 733 4056 Ruhnkeuium,
754 3986 805 4045 sed
820 3988 898 4045 lusto
917 3995 1013 4042 tamen
1035 3978 1176 4038 fervidio-

130 4091 191 4133 rem
206 4072 288 4130 etad
303 4072 527 4131 asseverandum
548 4090 632 4148 uncpe
647 4072 733 4130 nimis
748 4081 888 4145 puratum.
930 4062 1026 4135 (loidi
1047 4062 1123 4137 quod
1138 4080 1175 4119 ue

132 4156 162 4215 iu
175 4156 256 4215 bunc
279 4154 394 4233 quidem
408 4160 560 4234 qulcquusu
578 4158 705 4229 dixisse,
723 4154 774 4211 sed
789 4156 850 4212 cius
867 4169 982 4212 censam
995 4151 1091 4224 potius
1106 4165 1178 4205 oon·

134 4249 178 4301 tro
202 4244 300 4321 ipsum
322 4243 416 4323 egisse
440 4241 551 4303 videor·
595 4238 724 4319 Denique
745 4236 937 4382 Ruqukpuiuu
951 4242 1018 4313 post
1033 4232 1179 4293 intellexit
