2626 4882
166 362 226 407 vsn
530 343 842 404 PRAEFATIO.

1045 370 1085 436 s

169 516 423 580 fuerunteornm
440 510 526 586 iata,
552 524 587 575 nt
609 511 649 574 de
671 512 761 575 omni
784 507 978 574 emendandi
998 513 1130 596 negotio
1145 532 1222 596 pru·

172 619 285 682 denter
299 625 333 678 ct
347 635 424 678 sere
440 634 505 677 non
520 616 625 698 possit
637 613 775 678 iudicari
791 613 856 676 nisi
872 611 914 676 ab
932 633 993 693 eo,
1020 616 1075 699 qni
1091 613 1222 699 singula

174 722 327 803 deinceps
347 715 552 804 exesuplaria
574 716 682 783 studio
703 730 739 782 ct
760 714 862 782 alacri
883 729 917 780 et
941 715 1072 801 aequali
1094 718 1223 782 exami-

175 822 311 889 navarit.

251 924 428 1007 Perspicua
443 924 588 1007 prolecto
603 937 655 988 est
668 924 877 1008 partitionum
890 924 990 998 ratio,
1005 943 1108 1008 noque
1123 921 1224 988 exilis

178 1040 274 1114 atque
299 1028 553 1093 contemnendus
575 1026 750 1092 earundem
773 1028 808 1091 in
831 1048 867 1091 re
890 1027 1001 1091 critica
1026 1048 1115 1091 nans.
1171 1024 1225 1090 Ad

179 1131 264 1197 banc
282 1132 370 1195 enim
386 1142 565 1215 temporum
581 1131 830 1216 descriptionem
850 1130 980 1194 criticus
997 1131 1150 1195 carminis
1166 1150 1226 1212 ap·

179 1246 313 1321 paratus
335 1234 455 1299 indicio
484 1236 640 1300 acerrimo
670 1235 732 1299 erit
756 1231 997 1319 disponendus,
1023 1232 1226 1297 adeundam

182 1357 330 1402 normam
354 1338 462 1401 omnis
489 1357 590 1421 opera
615 1338 728 1402 critica
755 1357 868 1402 severe
892 1335 1064 1423 dirigenda
1094 1350 1128 1400 et
1148 1355 1227 1399 con·

181 1440 347 1505 struenda.
395 1436 493 1513 Quod
517 1461 614 1525 quum
636 1438 736 1526 vulgo
759 1442 876 1504 mirum
898 1440 933 1502 in
955 1439 1085 1504 modum
1104 1436 1229 1525 negligi

182 1541 330 1607 uideatur
346 1555 442 1628 atque
458 1545 639 1623 contemni,
662 1564 854 1628 quamquam
870 1539 1041 1621 omuibus,
1063 1562 1145 1627 quae
1166 1537 1227 1604 sub

183 1645 270 1710 idem
284 1644 435 1709 indicium
450 1646 578 1721 cadunt,
594 1643 790 1709 carminibus
805 1667 959 1732 magnum
968 1645 1043 1710 inde
1056 1644 1228 1708 detrimen·

184 1762 252 1813 tom
276 1761 406 1813 enatum
425 1761 496 1827 est,
521 1746 699 1817 baud,scio
723 1762 831 1815 tamen
852 1770 896 1813 an
922 1747 983 1813 ulli
1004 1749 1101 1815 inerit
1121 1746 1226 1810 maius

184 1872 281 1937 quam
303 1848 528 1935 Theogoniae.

202 1988 207 1999 ·
265 1949 351 2018 Nam
368 1955 424 2038 qui
444 1967 555 2017 nostra
572 1956 730 2019 memoria
744 1955 781 2019 iu
801 1952 943 2019 carmine
959 1949 1021 2016 hoc
1036 1953 1077 2015 ad
1098 1951 1232 2036 iutegri-

187 2067 286 2120 tatem
317 2054 569 2141 qualemcunque
594 2057 777 2122 revocando
808 2057 898 2119 sario
928 2053 1067 2119 consilio
1098 2073 1230 2139 operam

186 2156 403 2238 collocarunt,
432 2159 473 2224 de
498 2161 719 2244 antiquissima
748 2159 820 2222 eius
849 2158 1054 2234 conditione,
1087 2156 1231 2220 devera

187 2265 313 2327 ratione
333 2258 534 2342 fabularum,
561 2263 601 2326 de
624 2263 766 2328 auctoris
786 2273 892 2325 aetate
914 2282 953 2327 ac
979 2261 1020 2325 de
1044 2261 1151 2339 omni,
1177 2260 1231 2344 qui

188 2361 329 2431 obtinuit
342 2378 417 2430 tnnc
425 2366 508 2429 inter
516 2363 671 2442 Graecos,
686 2367 773 2433 vitae
788 2367 951 2451 animique
965 2362 1231 2449 adtuingeniose

188 2465 292 2532 multa
320 2481 352 2531 et
378 2465 589 2553 probabiliter
613 2482 851 2553 exposuernutr
882 2465 999 2552 quibus
1021 2469 1055 2530 in
1081 2464 1179 2529 rebus
1201 2465 1232 2527 si

189 2590 263 2635 sesa
279 2573 491 2637 continuisset
505 2569 637 2635 illorum
654 2569 841 2657 diligentia,
862 2591 1022 2634 summam
1043 2571 1115 2633 siue
1134 2565 1232 2631 dubio

188 2671 341 2739 tulissent
360 2671 402 2738 ab
418 2672 570 2740 omuibus
584 2671 727 2739 laudem.
779 2671 904 2737 Verum
926 2672 1041 2736 eadem
1061 2673 1114 2736 sia
1136 2691 1231 2736 omna

189 2777 356 2862 negotium
389 2778 536 2842 criticum
567 2774 697 2840 absolvi
727 2796 826 2861 posse
856 2777 937 2856 rati,
981 2797 1080 2862 quum
1105 2795 1233 2838 summa

189 2881 269 2945 artis
291 2880 426 2966 fastigia
449 2879 667 2945 conscendere
689 2877 831 2954 vellent,
856 2876 934 2943 licet
954 2877 1109 2943 humilem
1131 2878 1235 2942 critici

189 2980 391 3068 diligentiam
421 2982 652 3066 diuturnosque
680 2978 811 3046 labores
834 2996 946 3046 essent
968 2982 1126 3059 aversati,
1150 2958 1235 3044 'fieri

188 3105 254 3149 non
274 3085 396 3169 potnit,
419 3085 496 3170 quin
514 3097 548 3150 et
565 3087 600 3149 in
616 3106 736 3172 genero
755 3085 795 3149 de
818 3084 1053 3149 emendationis
1076 3085 1183 3148 causis
1201 3096 1234 3146 et

190 3187 231 3251 de
247 3186 386 3273 singulis
400 3185 582 3272 exemplis,
599 3210 684 3275 quae
696 3187 847 3255 lectionis
862 3189 1048 3254 discrimina
1065 3185 1234 3252 ostendunt

190 3301 247 3354 atst
280 3287 341 3352 sub
376 3290 619 3376 depravationis
655 3293 875 3376 suspicionem
912 3291 1049 3370 cadunt,
1083 3309 1234 3375 perverso

189 3413 342 3478 magnam
366 3406 490 3476 partem
514 3393 703 3459 indicarent.
751 3392 883 3459 Scilicet
911 3394 994 3459 adeo
1028 3396 1236 3458 insinuarunt

190 3515 265 3560 sese
295 3495 494 3580 antiquitatis
521 3498 758 3563 remotissimae
785 3498 993 3583 cogitationi,
1016 3510 1052 3561 ut
1073 3496 1235 3561 interdum

191 3600 240 3662 eis
256 3619 360 3682 paene
376 3598 541 3665 excidisse
557 3602 718 3684 opineris,
745 3613 864 3684 quanto
881 3620 943 3663 uos
963 3598 1006 3664 ab
1020 3597 1079 3663 illa
1101 3599 1237 3663 seiuncti

190 3703 294 3767 simus
312 3703 468 3785 temporis
486 3702 671 3767 intervallo.
715 3701 827 3787 ltaque
848 3701 1005 3769 hodierna
1020 3700 1237 3787 Theogoniae

190 3803 393 3889 exemplaria
417 3820 530 3870 nostra
550 3819 656 3871 aetate
678 3807 762 3891 typis
781 3809 942 3891 impressa
963 3825 1058 3890 quarn
1079 3807 1237 3890 exiguam

189 3921 374 3974 mereantur
389 3905 488 3974 fidem
504 3922 536 3973 et
550 3931 645 3994 quam
659 3909 795 3975 fortuito
811 3922 844 3973 et
858 3907 979 3994 absque
991 3908 1128 3972 rationis
1143 3909 1238 3971 anxi·

188 4007 235 4075 lio
262 4013 440 4076 maximam
471 4025 593 4098 partem
615 4025 729 4098 parata
751 4013 837 4090 sint,
876 4035 897 4077 a
922 4013 1051 4076 nemine
1078 4016 1153 4078 dnm
1176 4030 1237 4073 ex·

189 4111 350 4198 ploratum
377 4129 445 4179 est:
495 4118 540 4178 ita
567 4128 602 4178 ut
625 4137 705 4200 quae
728 4116 917 4180 novissimis
938 4117 1068 4180 demum
1100 4109 1239 4179 saeculis

193 4217 353 4283 editorum
383 4215 486 4285 libido
516 4220 674 4301 institnit,
720 4218 762 4282 ab
790 4215 858 4286 illis
887 4238 1126 4307 nonnumquam
1155 4218 1241 4281 inter
