2626 4882
448 366 764 431 PRAEFATIO.
1078 378 1122 424 xv

67 536 215 604 heudaut
233 548 266 601 et
288 535 472 621 appositam
493 533 569 601 loeo
584 547 617 601 et
632 535 802 601 mode
818 532 1039 611 enuntiatam,
1065 549 1123 596 ne·

66 661 227 728 quaquam
244 652 342 704 extra
358 658 489 703 omnem
501 636 738 704 dubitationem
752 641 862 722 positu
877 656 952 702 eme
965 635 1058 702 duee·
1068 668 1121 687 -··
1167 690 1170 697 .

67 745 108 809 Si
125 766 200 809 vero
221 742 412 808 diserimina
429 740 577 807 tudima
589 742 813 826 eompouenda
832 742 963 805 nuntiis
981 741 1015 803 in
1035 736 1122 802 locis
1165 738 1173 765 ''

66 845 128 915 nbi
149 843 239 911 nulla
254 859 367 912 assunt
382 857 526 911 veterum
540 846 727 910 testimonia
746 843 914 932 legitima,
938 842 1048 908 omnia
1072 843 1123 904 iu·

65 951 146 1015 dieii
166 949 334 1034 praesidia
354 969 405 1012 ex·
421 945 699 1017 selu-aeutemiae
723 947 881 1034 dignitate
904 959 938 1011 et
958 968 1004 1011 ex
1022 945 1122 1010 certis

63 1055 115 1119 rei
138 1053 374 1138 grammatino
397 1071 449 1118 aa·
463 1053 618 1119 austrinae
642 1047 773 1138 legibus
800 1049 986 1136 quaerenda
1014 1059 1121 1113 eruut.

64 1154 154 1224 Naar
175 1177 241 1223 nee
260 1154 582 1221 uumerus-oudinum
597 1151 698 1221 ullam
713 1151 810 1220 fenile
829 1167 963 1220 exserat
976 1164 1123 1238 peterte-

66 1275 152 1338 teu,
174 1256 234 1324 ubi
248 1278 299 1323 ex
323 1279 389 1321 uuo
403 1259 692 1345 umueu1urigiaem
707 1257 846 1323 duxiure
867 1257 1037 1335 eonvenit,
1058 1274 1122 1321 uae

64 1365 283 1429 vetustiorum
303 1359 460 1427 librorum
485 1362 661 1428 auotoritas
683 1381 912 1447 usquequaque
939 1354 1121 1447 praestabi-

65 1465 131 1531 lior
149 1462 304 1533 habmus
318 1478 387 1544 eut,¹
406 1475 577 1551 prepterea
592 1464 870 1552 qnodnoniasirua
883 1464 983 1528 etiam
1006 1483 1122 1529 exem·

66 1568 176 1656 pluria
196 1567 551 1652 tenimentorum
575 1569 684 1653 magis
703 1588 816 1652 puram
841 1581 937 1654 etque
957 1568 1121 1632 sinceram

66 1672 427 1758 furtezpropagaveriut
447 1671 594 1756 primarii
620 1672 809 1756 imaginem.
831 1705 880 1718 -
913 1667 1042 1732 Deinde
1063 1664 1123 1735 ubi

69 1773 219 1859 plerique
235 1774 368 1841 eodieos
389 1776 425 1837 in
446 1776 603 1859 scripture
626 1773 802 1839 manifesto
830 1773 951 1838 vitiosa
979 1790 1124 1837 eonsen-

75 1879 179 1954 trust,
204 1879 356 1964 perpauei
379 1897 456 1943 reru
480 1877 639 1945 eiusmodi
661 1876 942 1963 gaunodedum,
974 1874 1060 1962 quod
1086 1888 1122 1941 et

71 1979 254 2045 sententiae
280 1981 463 2047 sanuserat
483 1993 517 2047 et
537 1983 796 2067 grarurrntieue,¹
815 1978 898 2046 haee
921 1998 1122 2065 quamquam

67 2085 102 2146 iu
118 2084 303 2179 mationem
315 2083 562 2149 introdudaine
575 2081 677 2151 dnbio
691 2085 825 2168 poterit,
851 2102 918 2147 unu
934 2083 996 2146 erit
1008 2093 1123 2147 tamen

67 2188 226 2251 contiuuo
245 2208 323 2252 sera
343 2187 560 2253 aestimanda.
573 2185 607 2252 k
618 2209 653 2251 e.-
663 2207 706 2251 oa
725 2207 812 2273 quae
825 2183 867 2250 ab
881 2182 1122 2250 Alexandrinis

67 2289 190 2353 criticis
215 2305 273 2352 aut
293 2291 400 2374 posita
420 2288 490 2356 illie
510 2303 580 2356 erat
602 2304 659 2354 aut
677 2286 826 2355 tolerata.
876 2284 1007 2375 Quippe
1020 2285 1122 2355 faede

66 2392 220 2458 aecidere
247 2405 393 2477 poterat,
407 2405 463 2457 διιι
489 2395 604 2459 eudem
628 2395 809 2459 renuntiare
840 2404 946 2456 aetate
969 2404 1122 2478 prompta

66 2497 260 2560 coniectura
275 2495 380 2562 fuerit
393 2509 525 2582 reporta
537 2519 578 2564 aa
594 2497 752 2583 reposita.
776 2531 828 2548 α-
853 2493 962 2560 Perito
982 2495 1121 2581 denique

68 2618 115 2664 ee
126 2599 314 2663 uieetori
330 2601 395 2662 iam
412 2614 546 2686 apparet
561 2622 656 2686 qnam
673 2597 802 2686 amplus
815 2611 849 2663 et
862 2596 1003 2664 ineultus
1020 2599 1122 2664 etiam

68 2723 157 2767 nune
170 2714 284 2786 puteat
299 2723 453 2787 mutuus,
478 2705 590 2790 inquo
605 2725 762 2769 mannam
777 2723 840 2768 nee
851 2722 968 2771 vanam
984 2703 1120 2771 omuino

68 2807 192 2870 mereri
209 2806 317 2890 puerit
334 2803 492 2873 ludetur-
506 2826 699 2893 qaaruqnam
724 2803 908 2891 perieulum
923 2803 1004 2870 haee
1022 2807 1121 2871 astri

69 2906 139 2973 ulla
153 2906 221 2974 alia
232 2930 272 2974 au
282 2905 411 2975 lubrica
421 2911 625 2976 eoaieetaudi
639 2913 703 2976 vie.
753 2909 882 2975 Etenim
900 2912 935 2973 iu
953 2930 994 2973 eo
1011 2929 1122 2974 emea-

73 3012 355 3099 datieuirgeuero
375 3013 468 3098 quud.
483 3032 632 3080 ammata
654 3014 816 3078 sermonis
838 3033 1014 3098 versusque
1036 3013 1121 3097 epiei

73 3110 302 3181 observatione
320 3115 503 3202 perficitur,
528 3118 564 3181 in
579 3135 648 3201 quo.
660 3117 716 3180 vix
736 3115 947 3200 credipotest
963 3127 1121 3201 quautam

68 3216 235 3304 hodieque
246 3231 322 3305 post
337 3233 383 3284 tot
396 3218 693 3285 laudatissimorum
709 3219 853 3283 virorum
871 3237 966 3281 ouras
979 3218 1121 3302 rupereit

69 3319 325 3398 exundantem,
346 3343 413 3388 aon
427 3344 583 3409 maguum
603 3322 749 3409 proferto
770 3322 853 3401 erit,
872 3335 908 3386 nt
930 3319 1119 3406 plurimum,

68 3425 151 3489 vitiu
175 3426 397 3511 investigandi
418 3426 676 3512 porsauaudiqne
699 3425 883 3490 diserirnon.
935 3423 1021 3489 lllud
1041 3445 1121 3490 vero

70 3548 200 3591 summo
221 3548 301 3612 pree
315 3527 596 3614 ueterisperiaulu
605 3529 770 3616 peragitur
786 3542 818 3593 et
836 3528 1054 3614 peragendum
1071 3542 1122 3593 ta·

69 3650 145 3692 men
177 3643 229 3694 ast
257 3633 461 3711 noeumane,
494 3646 529 3697 ut
554 3646 586 3697 et
611 3633 842 3718 sospitatorem
868 3629 1121 3714 Byzantinorum

71 3736 244 3797 conamina
265 3738 452 3819 aperiuntur
472 3738 613 3802 etruria
635 3757 718 3822 quae
739 3733 844 3800 latent
867 3734 1119 3802 infortuniorum

68 3837 211 3923 vestigia
232 3838 427 3924 indagentur
442 3852 538 3925 atque
552 3837 732 3904 deleantur.
782 3836 822 3902 ln
837 3836 890 3903 hir
905 3840 1006 3926 igitur
1020 3835 1119 3902 rebus

68 3939 281 4023 percuraadis
307 3962 502 4028 quamquam
523 3963 588 4007 non
606 3941 800 4028 sperandum
817 3953 868 4006 est
889 3942 961 4007 fore
980 3953 1017 4004 ut
1039 3960 1121 4003 nuu-

71 4063 167 4127 quam
184 4043 376 4128 decipiaris,
398 4043 440 4108 ab
455 4067 495 4110 ee
510 4058 618 4112 tamen
635 4049 689 4133 qui
704 4047 883 4132 sagacitate
898 4066 937 4109 ae
950 4041 1122 4129 prudentia

76 4166 200 4213 samma
222 4144 443 4215 moderabitur
462 4151 648 4239 negotium,
668 4147 804 4216 feliciter
825 4146 925 4214 multa
947 4167 986 4213 ae
1004 4146 1121 4214 dextre
