2626 4882
445 368 530 434 utu.
559 368 586 434 1.
634 369 727 436 GAP.
750 372 813 434 IX.
1096 366 1172 438 107

109 534 237 614 Angla·
259 530 336 593 enim
357 550 446 611 quum
468 550 529 593 uun
552 534 651 593 omnin
671 534 811 611 preberet
830 534 864 593 in
884 532 1035 610 aeriptura
1052 532 1175 613 ueritate,

109 636 238 679 nuum
250 616 383 676 exhibuit
398 617 434 677 de
450 619 620 678 eeuieetura
632 619 720 679 timul
733 626 764 677 et
777 616 813 678 da
834 617 980 680 librorum
1000 626 1175 683 auctoritate

112 702 316 765 mmmmm
336 703 368 761 iu
390 700 469 760 hune
482 703 619 762 mudum:

202 788 351 850 τοῦτον
370 779 431 870 ἄρ’
448 779 649 866 ἁζόμενος
674 778 844 891 παῦσθη
862 777 990 865 χὸλοο
1012 780 1055 851 dr
1075 786 1174 873 epia

749 891 763 933 t
799 889 931 937 texet.

118 952 257 1031 uerique
277 970 307 1013 u.
322 950 404 1018 748.
429 939 561 1018 ἆσσον
582 955 723 1018 ἰοῦσαι
748 894 915 1012 ίιιχοαωιο
936 955 1063 1034 reeepit,
1084 954 1175 1015 Win-

118 1041 295 1099 tertuuiauu
318 1039 372 1096 iiie
392 1048 567 1118 argumente
587 1056 667 1098 aaut.
709 1036 769 1098 Sed
786 1037 864 1116 qued
882 1041 1081 1099 annuntiante
1098 1039 1176 1101 titre

119 1121 208 1183 Redi.
224 1123 403 1199 ueripturatu
418 1120 493 1180 haue
506 1141 539 1181 ee
554 1123 719 1198 repotuiaaa
734 1121 861 1181 affirmat
873 1142 944 1184 ann.
961 1142 993 1203 p.
1007 1123 1105 1197 391,
1132 1126 1177 1182 aie

121 1215 241 1266 hatum
253 1207 349 1282 vaiet,
369 1214 403 1267 ut
424 1207 517 1266 eedax
539 1209 706 1283 primitivae
726 1208 862 1265 laetieuia
883 1209 1010 1287 ventigia
1027 1207 1174 1267 eatandat.

124 1290 252 1352 Praebet
268 1292 348 1349 enlm
364 1282 530 1354 τόσσον.
572 1290 607 1349 V.
622 1288 744 1350 Rebina.
761 1290 834 1350 Var-
848 1290 929 1355 teet.
940 1310 974 1371 p.
990 1292 1074 1357 480.

208 1373 251 1433 du
272 1375 436 1433 alierum
457 1377 626 1435 virerum
649 1374 850 1436 deuterum
869 1376 999 1435 iuventte
1017 1376 1176 1455 prehendit

127 1477 165 1519 aa
177 1458 355 1535 reeipiendie
370 1456 622 1518 Retineunua
640 1461 739 1535 pauiie
754 1460 842 1518 etiam
857 1468 921 1518 emt
934 1463 1060 1535 parator.
1100 1459 1177 1520 Nam

127 1560 219 1621 quum
256 1544 415 1602 multorum
448 1543 591 1602 vitiorum
612 1543 741 1605 remedia
770 1562 808 1602 ex
833 1540 1035 1617 Winterteui‚
1076 1542 1177 1604 Guiati

122 1624 304 1704 umeruque
325 1629 539 1686 mmmentartia
562 1644 694 1704 promere
718 1630 877 1704 peteteret,
904 1645 1066 1704 perpaueee
1094 1628 1177 1687 laeua

124 1715 392 1784 annumeravit,
415 1731 469 1769 nee
484 1730 689 1790 usquequaque
704 1719 801 1771 tamen
817 1711 952 1770 feliciter.
983 1708 1036 1770 ste
1050 1730 1078 1770 ο.
1094 1712 1175 1775 190.

126 1805 258 1855 metrum
276 1794 311 1852 de
331 1794 432 1854 Guieti
455 1800 601 1855 aententia
622 1795 837 1873 redintegravit
854 1794 1008 1853 aeribeude
1021 1792 1177 1900 dqpuyerq

126 1897 186 1956 pre
199 1876 399 1962 ἅφρογένειαν
407 1926 417 1955 ,
437 1889 568 1955 atquem
584 1880 621 1940 ub
633 1899 751 1941 caueam
766 1900 794 1940 ο.
810 1879 890 1943 658.
907 1879 1035 1940 indidem
1057 1882 1125 1963 σῇς
1141 1876 1161 1940 d

125 1959 536 2047 ἓπιφραδμοσῦνησιν
566 1967 748 2041 reposuerit,
785 1962 903 2023 difficile
929 1975 976 2025 aet
1011 1964 1050 2025 ad
1084 1965 1178 2042 expli·

124 2048 265 2109 eandum

212 2130 291 2190 Suu
313 2130 435 2206 denique
455 2132 580 2206 ipaiue
600 2133 759 2211 ingenie
791 2132 941 2207 perpeueia
964 2133 1038 2190 ieeie
1063 2140 1178 2193 tautum

124 2213 251 2290 tribuit,
273 2225 309 2273 ut
322 2215 517 2274 eeuieetande
531 2219 712 2275 curationem
726 2218 954 2293 periclitaretur.
980 2216 1082 2294 Neque
1098 2220 1178 2277 euim

123 2301 231 2378 magui
243 2299 339 2358 rideri
351 2310 448 2376 puteat
459 2302 613 2374 momenti,
625 2301 702 2377 quud
717 2321 745 2362 ο.
765 2301 844 2362 199.
859 2300 1071 2379 aequabilitatia
1086 2319 1177 2361 eauua

124 2384 251 2461 eeripait
272 2383 457 2465 Κυπρογενῆ
479 2383 499 2447 d
504 2381 512 2405 ’
529 2381 578 2447 ὅτι
601 2382 699 2465 γέντο.
742 2383 855 2442 Deinde
875 2404 903 2444 ο.
917 2385 998 2448 331.
1023 2385 1099 2464 qued
1123 2403 1175 2461 pre

126 2474 254 2549 τρητοῖο
278 2466 413 2548 Νεμείης
435 2470 545 2543 primur
565 2471 674 2526 unitate
693 2468 818 2527 Paueeu.
832 2472 883 2540 2.,
902 2469 976 2542 15.,
990 2472 1024 2530 2.
1043 2469 1077 2531 4.
1091 2489 1178 2546 repo·

129 2556 192 2611 uuit
208 2553 364 2633 Τρητοῖο,
385 2551 537 2633 Νεμείης,
559 2571 647 2630 quum
669 2553 706 2611 ab
726 2555 792 2611 aliia
806 2551 914 2627 pridem
934 2553 1110 2611 iamiuiaeet
1127 2555 1178 2613 de·

126 2633 324 2714 prehensum,
352 2636 478 2694 turtum
502 2656 539 2694 ne
563 2636 683 2696 debetur
704 2636 818 2714 quidem
831 2635 994 2697 Rebiuanui
1011 2636 1179 2699 eruditioni.

126 2719 219 2782 Dixit
241 2719 384 2778 eadere
407 2731 541 2779 aeeurnte
563 2717 851 2781 Beiaauuadiua
883 2721 926 2782 ad
949 2720 978 2780 Ιι.
999 2721 1020 2779 l.
1037 2741 1074 2802 p.
1101 2724 1180 2786 167.

127 2802 208 2865 Mire
232 2813 330 2863 autem
350 2803 460 2862 iudicio
489 2825 518 2866 ο.
545 2805 625 2868 809.
648 2801 853 2889 Τοφωέως
880 2822 933 2880 pru
965 2801 1178 2888 Τυφωέος,

127 2889 400 2949 1οοοιιοιΑωίοοω
415 2907 468 2963 pre
484 2891 565 2966 epiea
587 2890 747 2948 substituit.
789 2888 824 2949 V.
844 2889 933 2968 Greg.
956 2886 1023 2948 cor.
1043 2892 1079 2952 do
1105 2892 1179 2952 dial.

124 2990 166 3054 p.
179 2973 258 3043 09.,
280 2971 378 3050 Etym.
403 2973 445 3032 Μ.
464 2993 499 3052 p.
512 2974 612 3047 409„
633 2975 685 3036 15.
730 2975 909 3049 Quamquam
929 2975 1054 3032 muitum
1077 2972 1129 3035 hae
1145 2979 1178 3035 iu

131 3075 169 3116 re
186 3056 273 3113 etiam
284 3059 349 3115 aliia
362 3058 435 3115 ieeie
452 3068 598 3134 peccatur.
640 3055 820 3132 Siefrugm.
835 3056 958 3120 Heaied.
974 3058 1031 3120 30.
1043 3099 1053 3131 ,
1067 3060 1102 3118 2.
1128 3061 1180 3118 ubi

128 3137 293 3214 Heiuaiua,
322 3140 466 3199 Graevius
492 3153 521 3200 et
548 3138 680 3199 clericus
711 3140 826 3198 edidere
859 3136 1039 3214 Φοκτέος
1065 3137 1181 3220 ἀγλαὸς

128 3217 220 3300 οἷός,
241 3223 310 3282 iude
331 3224 367 3283 ab
389 3221 559 3283 Rebineeno
582 3230 692 3299 pariter
710 3224 805 3282 editur
824 3219 957 3285 Φοκτέ
964 3245 1023 3295 ως.
1067 3223 1181 3287 Deinde

129 3307 218 3369 scut.
237 3308 318 3371 450.
344 3309 421 3385 qued
445 3327 498 3384 per
519 3312 648 3369 recentia
671 3309 846 3383 exemplaria
861 3301 1181 3395 ferebatur’stptmc,

131 3410 224 3472 quum
246 3391 312 3450 edd·
332 3403 394 3450 aut.
417 3403 447 3450 et
467 3393 550 3450 cedd.
565 3393 623 3450 tide
637 3397 675 3453 eit
691 3394 877 3466 ‹leatitutum,
892 3402 971 3450 reate
988 3396 1076 3452 eeeait
1091 3413 1183 3475 nuper

130 3476 280 3559 genuinae
296 3475 407 3534 furmne
421 3472 557 3558 Ἄρεος
577 3473 617 3557 *).
661 3477 737 3537 iilud
752 3475 886 3534 debemua
901 3474 1130 3540 Cemmelini
1152 3492 1183 3540 et

133 3559 362 3621 Sehrarelii
389 3562 494 3619 etudie.
537 3559 596 3618 Sed
618 3561 708 3620 Peter
726 3561 781 3618 hae
802 3577 916 3636 queque
939 3562 972 3619 iu
993 3580 1026 3620 ra
1050 3566 1179 3643 reliquus

138 3644 289 3724 diligentia
309 3648 469 3720 auperavit.
512 3642 612 3702 Simiii
635 3645 720 3704 mede
748 3644 826 3719 apud
850 3641 1038 3704 Rhianum
1058 3647 1180 3726 fragat.

136 3728 353 3800 Aedaieerum‚
374 3729 451 3807 qnod
467 3738 563 3786 exstet
580 3747 629 3806 ep.
651 3728 755 3809 Stepd.
773 3726 849 3806 Byz.
871 3745 895 3786 t.
919 3748 946 3786 ο.
962 3725 1070 3807 Ἀπία,
1094 3738 1183 3793 etiarn

134 3810 368 3871 Friedemanuue
390 3816 426 3872 de
447 3814 521 3872 med.
542 3812 645 3889 tyliad.
660 3823 796 3894 pentem.
811 3833 845 3892 p.
863 3814 943 3874 337.
963 3823 993 3870 at
1014 3814 1050 3872 N.
1067 3813 1182 3876 Saaiiue

137 3899 174 3961 da
189 3896 313 3960 littam
328 3916 363 3977 p.
378 3897 436 3962 40.
458 3914 607 3977 perperam
630 3900 811 3978 reliquerunt
838 3893 1067 3981 Φορωνέως.
1112 3899 1186 3960 Vera

174 4179 204 4249 t)
221 4178 293 4229 Haec
306 4177 463 4229 restituenda
481 4180 545 4230 item
558 4191 596 4230 eat
614 4177 768 4232 Manethuui
781 4173 986 4251 Apatelatmat.
1000 4180 1042 4243 1.,
1053 4181 1114 4242 235.
1125 4183 1185 4242 286,

210 4248 274 4316 (eft.
286 4265 314 4302 tt.
328 4248 401 4316 213.)
421 4252 481 4306 307.
501 4261 526 4299 ut
544 4249 658 4315 aaepiua.
